1887 3255
582 138 1172 201 MYXOGASTRES
1623 144 1693 197 69

63 291 113 359 si
153 289 534 344 tremulatione
561 289 740 360 quieta
776 288 1017 343 evolutio
1068 287 1355 353 turbatur,
1409 287 1692 361 abrumpi-

68 374 664 487 mr’sPEclALloR
722 431 1029 503 morphosis
1060 428 1510 486 EXPOSITIO.
1576 431 1686 485 m-

53 523 241 559 versas
292 504 454 578 hujus
495 503 844 574 mucilaginis
887 504 1095 558 formas
1139 507 1206 558 ad
1243 515 1496 577 quattuor
1525 515 1684 578 typos

16 634 19 637 ,
53 576 407 651 potissimum
443 574 670 632 referas.
723 574 900 629 Sunt:
1565 580 1568 582 ’

121 676 201 747 A)
227 677 510 750 Lycogala.
546 672 712 728 Mich.
749 671 934 727 Status
965 672 1388 742 mucilaginosus
1419 677 1682 730 rotunda-

50 757 154 812 tus,
193 746 580 799 determinatus
597 784 611 811 ,
636 745 747 818 jam
769 744 1026 817 iuvenilis
1053 745 1284 816 peridio,
1320 747 1567 801 molliori
1597 761 1680 802 ta-

48 837 205 881 men,
244 818 488 871 indutus.
550 818 754 870 Forma
786 837 909 870 cum
941 828 1082 868 statu
1125 817 1363 888 perfecto
1387 821 1640 874 convenit
1653 841 1675 887 ς

50 889 308 943 differunt
337 903 549 946 tantum
584 890 734 942 color
767 901 818 942 et
855 888 1175 942 substanti-a.
1220 920 1289 929 --
1341 887 1420 941 Hi
1462 892 1675 945 rarissi-

46 961 128 1015 mi
166 972 322 1027 sunt,'
353 974 563 1014 tantum
587 960 812 1015 obviam>
831 960 1061 1014 veniunt
1090 960 1150 1012 in
1185 960 1465 1031 generibus
1496 963 1675 1037 Lyco-

35 1034 320 1105 *perdineis
359 1033 665 1106 proximis,
715 1033 776 1085 in
826 1044 971 1086 statu·
1005 1032 1241 1103 perfecto
1276 1033 1480 1102 duplici
1528 1037 1673 1107 peri-

47 1104 138 1158 dio
172 1125 508 1180 papyraceo,
543 1105 800 1177 sporidiis
827 1104 1080 1177 coloratis
1116 1105 1411 1166 instructis,
1447 1106 1547 1159 vix
1584 1108 1673 1160 ni-

46 1176 94 1229 si
130 1176 192 1229 in
236 1181 461 1248 genere,
502 1180 773 1248 Lycogala
807 1177 963 1229 dicto.
1032 1175 1143 1229 Hie
1180 1190 1341 1251 typus
1382 1178 1671 1251 praecipue

46 1248 114 1302 acl
151 1262 434 1319 quartum,
482 1271 533 1303 v.
574 1270 619 1302 c.
660 1249 721 1302 in
760 1249 1021 1314 Trichiis,
1077 1249 1221 1315 abit3
1280 1250 1559 1302 obscurius
1601 1251 1667 1303 ad

45 1335 386 1390 sequentem,
429 1341 726 1390 numquam
777 1321 844 1373 ad
893 1321 1305 1380 Mesentericam.
1358 1353 1428 1362 --
1504 1319 1674 1375 Certo.

41 1391 162 1445 loco
201 1393 421 1445 adnasci
457 1404 658 1445 amant.

112 1491 187 1561 Β)
226 1493 512 1559 Μισὶῖαὲυ,
545 1512 708 1545 sensu
740 1492 1018 1545 strictiori.
1087 1490 1272 1546 Status
1308 1496 1668 1567 mucilagino-

43 1582 132 1618 sus
169 1563 654 1630 indeterminatum,
688 1563 842 1617 varie
880 1564 1220 1617 efflorescens
1265 1577 1316 1617 et
1352 1568 1668 1638 saepissime

39 1633 226 1709 junior
263 1635 568 1688 ramulosus
605 1637 638 1688 l.
689 1636 1089 1697 tuberculatus,
1145 1648 1289 1689 totus
1349 1651 1662 1707 unctuosus‚

42 1708 241 1777 absque
274 1706 476 1779 peridii
512 1708 841 1762 rudimento.
942 1706 1355 1761 Maturescendo
1384 1710 1669 1782 superficie

39 1776 256 1843 unitur,
313 1778 596 1851 contiguus
649 1782 710 1832 fit
749 1791 799 1832 et
835 1780 895 1833 in
930 1780 1133 1833 unicum
1170 1792 1369 1833 tantum
1408 1782 1668 1851 periclitam

40 1851 216 1921 (intus
255 1871 412 1923 saepe
448 1852 603 1921 quasi
642 1853 1020 1924 compositum)
1041 1852 1181 1917 abit,
1222 1865 1446 1925 excepto
1469 1854 1664 1907 Dider-

36 1934 174 1977 mate
196 1924 453 1975 vernicoso
491 1924 789 1994 paucisque
828 1924 1115 1990 affinibus3
1159 1945 1282 1978 cum
1312 1937 1501 1978 contra
1539 1946 1664 1980 mu-

36 1992 213 2066 cilago
252 1994 641 2048 Mesentericae
678 1996 738 2048 in
772 1997 933 2068 plura
970 1996 1199 2049 discreta
1238 1997 1449 2068 peridia
1481 2010 1661 2051 trans-

34 2064 325 2119 formatur.
439 2066 727 2119 Peridium
783 2087 854 2120 ex
905 2067 1006 2119 hac
1057 2080 1236 2121 ortum
1273 2087 1387 2121 non
1419 2089 1662 2143 papyra-

36 2157 216 2202 ceum,
271 2138 364 2191 sed
400 2138 781 2193 tenuissimum
818 2140 990 2210 fugax
1023 2139 1062 2192 l.
1100 2156 1453 2204 crustaceum,
1488 2142 1659 2193 cellu-

34 2208 220 2263 losum
253 2209 434 2280 quasi,
477 2210 695 2281 fragile.
780 2210 948 2267 Color
985 2212 1300 2284 primitivus
1339 2213 1665 2285 plerumque

33 2280 235 2334 lacteus
260 2322 272 2346 ‚
322 2283 417 2334 secl
450 2293 501 2334 et
539 2285 742 2350 flaVuS‚
801 2304 905 2354 quo
943 2286 1233 2357 praecipue
1285 2285 1351 2336 ad
1390 2283 1663 2337 Mesente-

33 2351 206 2406 ricam
242 2353 368 2408 abit.
440 2352 680 2408 Interior
715 2357 882 2429 pulpa
919 2356 1154 2410 solvitur
1190 2356 1250 2408 in
1286 2356 1529 2428 spori‘dia
1569 2356 1660 2408 fu·-

32 2423 270 2494 liginosa
309 2438 512 2480 atrave.
582 2427 744 2496 Quod
782 2428 843 2481 in
885 2428 1294 2496 Mucilaginibus
1331 2448 1492 2481 sensu
1530 2428 1660 2481 stri-

34 2496 195 2549 ctiori
223 2497 513 2569 praecipue
539 2499 764 2562 eminet,
807 2500 865 2551 id
894 2511 1007 2567 est,
1048 2500 1188 2569 quod
1219 2502 1355 2567 leges
1376 2500 1657 2568 gravitatis

32 2567 172 2620 nisui
187 2568 466 2633 formativo
502 2570 844 2632 dominantur,
871 2573 1014 2624 ande
1053 2571 1326 2644 peridium
1361 2571 1657 2645 perlectum

31 2637 95 2706 in
121 2638 231 2692 situ
272 2640 489 2694 diverso
531 2643 776 2696 diversas
810 2643 989 2695 induit
1029 2644 1269 2710 formas,
1325 2642 1655 2712 mucilagine

31 2729 256 2782 nempe,
306 2713 467 2768 nullo:
488 2714 772 2787 perspicuo
826 2714 1035 2786 peri-dio
1081 2727 1359 2775 contenta,
1411 2734 1481 2766 ex
1531 2715 1654 2784 lege

31 2783 344 2852 gravitatis,
401 2785 650 2838 deorsum
707 2798 989 2849 manante,
1036 2786 1188 2861 cujus
1247 2785 1654 2840 evidentissima

34 2856 284 2927 exempla
323 2856 421 2909 sub
464 2858 792 2911 Reticularia
823 2858 1010 2925 attuli,
1056 2860 1148 2912 sed
1177 2870 1230 2911 et
1260 2858 1322 2910 in
1353 2858 1657 2910 Dida-mate

32 2926 292 2980 vernicoso
332 2928 562 2998 aliisque
597 2929 659 2982 in
695 2930 927 2984 transitu
963 2930 1157 3004 positis·
1186 2930 1333 2982 idem
1352 2928 1542 2981 videre
1577 2928 1652 2981 li-

33 3009 134 3054 cet.
204 2996 386 3073 Hujus
421 3000 530 3056 loci
567 3014 692 3055 sunt
730 3021 930 3075 genera
970 3002 1311 3069 Retio-alarin,
1337 3000 1664 3068 Aethaliums
