1887 3255
465 101 1256 163 TRIGHODERMAOEAE
1587 106 1696 161 201

65 251 317 319 rophorae
354 270 476 305 cum
511 252 783 323 Agru-ico,
822 247 1119 318 Spadoniae
1146 265 1271 300 cum
1298 244 1512 318 Vei-pa,
1543 245 1691 301 Pila-

65 326 176 375 (ἔνθα
204 341 328 375 cum
361 322 654 384 Vibrissea‚
687 321 982 392 Hypheliae
1004 341 1126 373 cum
1149 317 1540 389 ThelephoriS,
1566 323 1692 388 My-

66 394 287 445 rothecii
318 414 441 447 cum
467 394 688 456 Peziza,
733 399 1009 462 Onygenae
1049 411 1173 443 cum
1194 389 1440 450 Mitrula,
1468 391 1692 456 Aeg-eri-

64 475 152 515 tae
180 483 303 516 cum
331 463 597 519 Sclerotio
639 479 691 517 et
721 462 1008 535 praecipue
1039 461 1263 531 Pyrenio
1287 492 1357 500 —
1393 460 1689 531 Pyrenium,

67 554 191 589 cum
223 535 276 588 T
281 536 673 589 richodermate
717 555 748 586 a
792 534 984 604 Todeo
1032 532 1309 606 junctum,
1351 531 1418 585 ob
1457 544 1692 586 contex-

65 617 183 657 tum
218 618 269 658 et
313 607 554 679 sporidia
585 607 649 660 in
685 606 891 660 ambitu
936 603 1244 656 nidulantia
1285 623 1479 674 revera
1530 605 1692 656 affine

66 689 168 742 est3
207 677 438 799 seddnec
480 680 630 732 adest
670 677 976 752 peridium,
1027 694 1127 727 nec
1156 675 1397 747 sporidia
1433 676 1691 750 pulvera-

65 766 157 800 cea
194 768 308 800 sece
352 763 462 804 unt.
1440 767 1444 771 ·

208 832 610 888 HISTORHA.
667 832 822 901 Quae
851 832 916 885 de
955 830 1203 900 analogia
1234 831 1531 895 attulimus,
1561 828 1690 883 satis

65 905 353 978 explicant,
390 924 555 975 quare
588 904 757 977 primi
793 904 1104 958 inventores
1141 903 1207 954 ad
1247 902 1692 975 Hymenomyce-

63 989 142 1030 tes
179 977 393 1048 saepius
432 977 737 1029 retulerint.
821 974 1173 1029 Recentiores
1220 974 1421 1044 partim
1471 975 1536 1026 ad
1580 973 1690 1027 Ga-

63 1059 461 1130 steromycetes,
488 1049 689 1119 partim
716 1049 780 1100 ad
803 1047 1250 1121 Hyphomycetes
1278 1046 1690 1097 transtulerunt.

63 1119 218 1172 Ordo
257 1139 371 1191 ipse
408 1120 666 1172 hactenus
697 1140 810 1172 non
838 1132 930 1171 aut
957 1118 1102 1171 male
1136 1117 1391 1169 definitus
1414 1117 1535 1170 suit.
1582 1116 1690 1169 Ge-

61 1210 196 1242 nera
233 1191 434 1243 eximie
464 1191 766 1258 naturalia,
801 1207 862 1244 ut
899 1190 1126 1243 minime
1172 1189 1238 1241 ob
1276 1188 1578 1261 specierum
1601 1187 1691 1239 in-

65 1262 246 1333 opiam
285 1264 524 1316 reduces.
611 1262 825 1316 Seriem
865 1262 1067 1316 eximie
1117 1260 1428 1330 contiguam
1470 1260 1687 1313 sistunt.

65 1333 270 1386 Omnia
307 1334 481 1386 libere
507 1336 751 1396 evoluta,
792 1332 1181 1406 superficialia,
1222 1333 1343 1384 loca
1373 1332 1599 1384 humida
1638 1342 1699 1382 et⁴

64 1424 293 1477 corpora
329 1406 691 1477 putrescentia
727 1407 990 1458 incolunt.

205 1489 564 1544 SYNOPSIS
591 1510 854 1559 generum
890 1509 917 1541 e
952 1489 1154 1561 peridii
1192 1489 1384 1557 (saepe
1433 1484 1556 1539 Veri
1599 1504 1690 1536 re-

62 1564 350 1633 ceptaculi)
378 1562 558 1614 forma
597 1574 648 1613 et
677 1560 863 1614 indole
897 1580 996 1613 nec
1034 1580 1146 1613 non
1181 1558 1550 1631 spor-idiorum
1576 1555 1686 1608 dis-

59 1633 137 1684 tin
142 1635 482 1704 guendoram
496 1653 510 1686 ε

202 1715 248 1772 I.
300 1716 666 1785 Suffinitratae,
696 1715 1034 1788 receptaculo
1058 1712 1525 1768 submitraesormi
1541 1750 1556 1775 ,
1595 1731 1687 1764 su-

275 1808 442 1860 perne
478 1800 645 1842 strato
672 1788 1042 1861 sporidiorum
1071 1806 1204 1840 mox
1228 1787 1495 1838 denudato
1527 1796 1685 1836 tecto.

274 1861 541 1913 Accedunt
584 1861 659 1912 ad
686 1865 1163 1930 Hymenomycetes,
1203 1858 1620 1925 Phallocleosque.

60 1945 109 2000 1.
171 1941 585 1997 SPADONIA.
639 1943 1050 2015 Receptaculum
1072 1944 1465 2005 mitraeforme,
1495 1960 1687 2013 super-

202 2034 272 2066 ne
310 2034 602 2085 rugosum,
643 2027 810 2067 strato
849 2014 1219 2085 sporidiorum
1243 2013 1420 2067 tenaci
1466 2031 1685 2084 compa·-

206 2098 289 2138 cto
328 2097 546 2139 tectum.
618 2088 788 2156 Stipes
818 2087 1197 2141 'subcellu-losm.
1284 2085 1585 2139 Terrestris.

57 2171 112 2228 2.
197 2169 551 2226 PlLAGRE.
617 2171 1041 2244 Receptaculum
1100 2167 1685 2240 mitrato-capitatum,

197 2263 429 2315 superne
462 2245 637 2310 laeve,
676 2257 840 2296 strato
875 2243 1245 2315 sporidiorum
1284 2242 1502 2302 demum
1539 2241 1686 2292 nudo

200 2327 252 2398 ef
289 2315 612 2438 plulveraceo
653 2327 852 2370 tectum
881 2345 952 2354 -—
980 2317 1150 2385 Stipes
1187 2311 1447 2367 similaris.
1515 2317 1688 2364 Trun-

198 2406 306 2439 czco
328 2407 377 2443 a.

116 2473 241 2517 obs,
314 2473 572 2513 Praecedens
598 2487 730 2525 genus
761 2477 852 2516 fere
881 2474 1186 2530 manaae-um,
1218 2473 1298 2513 hoc
1327 2484 1425 2512 cum
1455 2472 1584 2512 trihus
1615 2484 1684 2513 se-

57 2532 278 2580 quentibus
329 2532 605 2576 Pilum-inum.

198 2600 274 2655 Π.
316 2602 710 2670 Subcapitatae,
748 2602 1084 2671 receptaculo
1133 2599 1365 2672 capitato
1388 2637 1405 2666 ,
1449 2616 1683 2669 superne

269 2672 450 2725 floccis
463 2674 672 2737 velat03
691 2672 946 2744 sporidiis
969 2671 1448 2745 subperiphericis.
1486 2676 1684 2722 Trans-

270 2754 390 2794 eunt
430 2745 503 2794 ad
540 2745 970 2812 Triclzospermos,
1004 2746 1283 2813 praecipue
1326 2748 1591 2812 Onygena.

55 2830 108 2885 3.
146 2827 755 2883 ASTEROPHORA.
799 2829 1085 2882 Peridium
1111 2828 1421 2899 capitatum,
1451 2836 1683 2898 superne

195 2902 501 2961 floccosum,
534 2898 877 2956 evanescens.
943 2899 1198 2975 Sporidia
1227 2899 1500 2970 angulata.
1574 2897 1683 2950 Sli-

197 2971 422 3041 Ρὶταίαε,
462 2972 792 3040 Agaricolae.
