1887 3255
589 136 1174 198 MELANGONIUM.
1585 142 1695 196 487
1770 165 1775 170 ·

78 287 130 340 3.
164 300 167 303 ’
221 289 291 338 D.
329 282 620 352 profusum,
663 293 918 333 stromate
946 282 1119 346 nullo,
1158 280 1410 354 sporidiis
1436 283 1688 356 didymo-

224 355 471 424 oblongis
508 351 892 404 minutissimis
934 354 1086 407 atris,

137 443 338 493 stilbosp.
370 442 549 492 profusa.
625 438 782 479 Grevd
825 440 969 493 crypt,
1016 443 1131 486 Scor,
1172 447 1203 481 l.
1234 441 1337 487 212.
1369 442 1420 493 f.
1458 445 1498 484 1.
1551 445 1689 497 Didy-

187 514 318 551 mosp.
372 498 526 555 Ejusd,
555 497 657 540 1nd4
698 495 815 543 univ,

223 576 556 622 Acervorum
593 565 1208 635 conice-depressorum
1235 565 1469 631 habitus,
1513 575 1691 640 qualis

79 642 139 694 in
185 641 361 713 prima
401 639 576 710 specie
629 638 715 688 vel
762 644 1020 705 thsztosp.
1073 638 1302 702 vulgari,
1364 644 1455 694 sed
1511 644 1692 700 deficit

80 725 281 765 stroma
321 710 534 780 insigne
588 721 637 760 et
671 709 908 779 sporidia
959 707 1337 760 minutissima.
1409 719 1473 766 In
1526 722 1687 786 Fago,

81 790 248 837 Acer-e
267 781 566 850 platanoide
604 791 701 831 etc.
743 780 825 849 (v.
862 780 947 849 v.)
1014 770 1034 800 '

80 868 132 922 4.
229 872 291 919 D.
333 876 647 930 truncatum,
695 876 948 916 stromate
972 883 1234 929 convexo,
1276 866 1532 936 sporidiis
1560 889 1690 922 ova-

222 937 289 989 tis
321 936 869 1057 utrinquzgruncatis
898 935 1088 1005 nigris.
1154 926 1318 989 Gor‘da
1341 940 1482 1006 apud
1498 945 1686 997 Sturm.

221 1013 333 1062 III.
369 1011 421 1059 7.
466 1019 505 1061 t.
548 1010 558 1028 ‘
624 1049 634 1060 .

222 1093 429 1146 Acervi
489 1093 1002 1162 conico-depressi.
1083 1092 1463 1165 Sporidiorum
1508 1097 1688 1152 forma

81 1165 392 1236 singularis.
446 1169 512 1215 In
549 1164 708 1215 ramis
746 1163 900 1216 Ribis
931 1164 1095 1220 rubri.
1130 1167 1212 1237 (v.
1251 1165 1344 1234 ic.)

283 1252 318 1285 ἐκ
341 1251 374 1284 ᾗ
411 1252 712 1303 Plantarum
753 1268 1053 1300 annuarum.

80 1339 134 1392 5.
227 1342 295 1390 D.
332 1337 599 1401 bullatum,
637 1334 839 1386 acervis
886 1331 1213 1404 epidermide
1254 1333 1459 1386 bullata
1513 1338 1686 1406 tectis,

220 1407 475 1480 sporidiis
523 1405 759 1479 didymis
795 1405 981 1460 fuscis,

135 1497 276 1536 Uredo
304 1498 475 1540 bullata.
524 1500 640 1535 Pers.
677 1494 776 1537 Obs.
804 1495 921 1547 Myc.
956 1495 997 1534 1.
1024 1505 1070 1543 p.
1105 1492 1177 1532 98.
1210 1500 1244 1537 t.
1276 1492 1320 1538 5.
1340 1493 1390 1544 s.
1421 1496 1464 1539 9,
1499 1499 1604 1553 Syn,
1638 1513 1690 1551 p,

192 1555 292 1592 222.
350 1552 537 1595 Bullaria
575 1552 944 1591 umbelliferarum.
999 1551 1103 1593 Dec.
1141 1552 1218 1595 Fr,
1257 1553 1299 1589 2.
1339 1565 1389 1605 p.
1424 1555 1528 1599 226,
1583 1557 1689 1596 Stil-

184 1613 306 1659 hosp.
332 1613 502 1658 bullata,
552 1608 674 1666 4Εἰπῖῑ
709 1609 808 1651 Obs.
838 1612 880 1652 2.
909 1622 959 1660 p.
993 1608 1067 1653 30.
1124 1608 1334 1652 Puccinia.
1375 1613 1532 1665 Ejusd‚
1561 1617 1687 1666 Spec,

189 1671 232 1711 2.
258 1682 308 1720 p.
339 1669 413 1713 78.

222 1738 428 1792 Acervi
458 1738 518 1790 in
553 1737 701 1790 caule
739 1736 1016 1802 subovati‚
1038 1735 1388 1808 ¹'epidermide
1424 1736 1519 1790 vix
1568 1729 1691 1794 una.

82 1826 241 1877 quam
278 1824 456 1879 rupta.
516 1814 582 1861 In
612 1808 837 1860 caulibus
879 1808 1093 1859 Umbella·
1125 1827 1339 1861 erorum.
1391 1810 1466 1873 (v.
1504 1816 1583 1878 v.)

183 1931 186 1934 ,
222 1880 317 1931 An
357 1879 510 1951 hujus
546 1879 762 1950 generis
793 1885 1006 1931 Gaeoma
1052 1879 1306 1935 rimosum.
1355 1877 1510 1932 Link
1530 1880 1689 1952 Spec.

81 1950 136 2001 2.
169 1971 221 2022 p.
259 1950 344 2004 6.‘.²
413 1952 535 2003 Non
569 1950 686 2003 vidi
715 1950 989 2021 plantam,
1028 1950 1118 2001 sed
1153 1969 1222 2001 ex
1261 1950 1431 2002 deser.
1460 1971 1571 2004 non
1603 1955 1690 2007 vi-

84 2022 239 2073 detur
284 2025 477 2091 Urmia,
525 2042 555 2074 a
603 2040 704 2090 qua
758 2018 939 2073 omnia
990 2020 1344 2090 heterogenea
1400 2023 1690 2098 praecipue

84 2094 461 2164 expurganda,
489 2094 701 2163 quando
743 2097 945 2164 species
975 2112 1085 2144 non
1124 2092 1527 2162 distinguimus,

215 2163 377 2216 Obs.
451 2167 747 2235 Didymosp.
794 2163 1080 2233 Hedysarz'i
1121 2164 1423 2218 Schwein.!
1473 2165 1596 2220 Gar.
1632 2188 1688 2240 p.

81 2234 172 2289 49.
203 2247 281 2286 est
310 2239 595 2289 Dothideae
631 2235 917 2290 Chaetomio
951 2236 1107 2286 affine
1140 2235 1194 2290 h.
1233 2255 1276 2290 e.
1319 2235 1688 2308 Exosporium

80 2324 241 2358 sensu
298 2306 578 2362 Linkiano
623 2339 693 2348 —
735 2307 801 2358 ab
852 2306 954 2358 hoc
1012 2306 1203 2359 ordine
1265 2323 1486 2379 prorsus
1543 2311 1687 2364 rele-

79 2378 333 2446 gaudum.

355 2632 514 2689 xlv.
559 2604 1157 2688 'MELANcoNnm
1229 2635 1399 2691 Link.

132 2749 400 2790 Melanconii
427 2761 543 2799 spec.
606 2748 718 2789 Link
751 2755 791 2787 et
820 2750 952 2793 Auct.

222 2830 452 2886 CHAR.
521 2830 778 2903 Sporidia
826 2832 1081 2901 globosa,
1143 2831 1437 2903 simplicia,
1486 2831 1545 2885 in
1588 2854 1692 2886 nu-

77 2903 250 2956 cleum
269 2904 491 2972 (absque
515 2903 834 2976 perithecio)
860 2903 1247 2973 conglutinata,
1274 2904 1490 2957 demum
1509 2925 1691 2958 erum-

74 2974 258 3046 pentia
284 2975 474 3030 libera.
553 2977 698 3029 Color
730 2985 859 3028 ater.
1225 3045 1271 3098 P
1315 3046 1353 3097 2
