1887 3255
595 150 1188 208 GEPHALEUROS.
1557 216 1559 219 ¹
1604 155 1716 209 32⁷

286 325 373 397 xj
421 334 1014 394 GEPHALEUROS.
1081 335 1269 390 ΚΜ.
1302 335 1364 388 in
1394 336 1500 392 litt.

220 452 452 508 GHAR.
515 448 699 504 Flocci
739 448 947 500 fertiles
995 448 1188 512 erecti,
1234 448 1535 522 simplices,
1596 473 1703 507 non

76 526 298 599 septati,
353 525 503 596 apice
546 524 763 574 demum
813 521 1022 572 clavato
1060 519 1324 591 peridiola
1371 523 1529 594 plura
1574 527 1703 578 sub-

77 597 379 651 terminalia
411 595 766 668 proferentes,
828 590 1081 662 Sporidia
1113 592 1358 646 discreta.

221 670 372 722 obs.
442 665 534 718 Ex
583 662 830 717 omnibus
890 662 1180 732 generibus
1237 663 1542 719 Mucorinis
1598 667 1703 721 hoc

78 739 224 793 inter
261 739 491 812 primam
524 747 576 787 et
609 736 899 787 secundam
945 734 1134 786 seriem
1177 735 1420 789 medium
1460 739 1703 792 maxime

77 810 294 881 insigne
355 808 492 860 mihi
552 806 795 863 videtur,
864 805 1047 858 minus
1093 806 1159 857 ob
1212 806 1700 879 fructificationem,

79 901 240 952 quam
276 881 343 934 ob
373 879 616 932 indolem
650 876 1004 947 vegetationis
1048 875 1408 932 recedentem.
1475 884 1706 955 Caespi..

78 965 156 1005 tes
187 953 328 1005 sistit
358 953 417 1004 in
457 949 606 1004 foliis
651 948 910 1001 coriaceis
955 948 1287 1020 perennibus
1334 951 1481 1005 vivis
1525 954 1705 1009 deter-

75 1023 339 1092 minatos,
393 1042 549 1095 saepe
600 1021 902 1086 radianteS‚
964 1040 992 1072 e
1034 1019 1214 1072 floccis
1256 1021 1700 1081 decumbentibus

75 1096 295 1168 septatis
324 1106 630 1160 contextos,
672 1094 853 1146 colore
876 1091 1047 1145 viridi
1077 1105 1407 1149 canescente.
1467 1094 1577 1149 Hic
1613 1119 1705 1152 co-

73 1167 165 1220 lor
201 1187 314 1221 non
351 1179 429 1220 est
464 1166 872 1235 smaragdinus,
911 1163 1260 1233 aeruginosus
1293 1166 1384 1217 vel
1423 1166 1700 1224 olivaceus

73 1237 420 1310 Fungar-um,
459 1239 552 1290 sed
589 1239 762 1289 laetus
792 1237 1080 1306 Algarum.
1142 1238 1237 1288 Est
1280 1235 1462 1307 itaque
1506 1238 1565 1292 in
1603 1241 1704 1295 hoc

7 1321 10 1324 ’
78 1310 273 1363 ordine
304 1310 586 1371 recedens,
622 1322 680 1360 ut
723 1309 866 1360 inter
903 1307 1170 1359 Lichenes
1206 1306 1535 1380 Fungosque
1586 1332 1704 1366 am-

75 1381 303 1454 phibola
334 1382 597 1448 Strigula,
637 1381 757 1432 loco
797 1378 1137 1432 conveniens,
1201 1377 1419 1450 Species
1445 1381 1703 1439 videntur

76 1473 399 1507 numerosae
429 1453 489 1505 in
524 1451 772 1523 tropicis3
808 1450 1089 1504 variarum
1109 1450 1350 1504 vidimus
1375 1453 1703 1527 rudimenta,

79 1525 246 1578 etiam
283 1525 575 1577 corticolae
615 1523 870 1589 (forsitan
892 1522 1233 1590 Dictyonema
1256 1523 1363 1591 Ag.
1404 1527 1540 1597 Syst,
1573 1529 1704 1597 Alg‚

77 1616 132 1668 Ρ.
169 1596 373 1650 XXVI.
418 1594 711 1669 Mycelium
747 1593 986 1658 sterile),
1037 1593 1128 1644 sed
1173 1594 1410 1662 perfecte
1453 1597 1703 1651 fructife-

77 1687 169 1721 ras
206 1669 312 1720 hoc
350 1668 465 1719 loco
511 1678 719 1718 tantum
760 1663 1081 1735 recepimus,
1163 1663 1378 1718 Nomen
1416 1685 1447 1718 a
1482 1670 1702 1744 κεφαλη

80 1751 133 1792 et
168 1759 345 1813 ευρως
388 1737 650 1792 derivarit
690 1738 918 1790 Auctor.

77 1827 126 1882 1.
225 1831 277 1879 G.
311 1824 591 1890 virescem,
625 1822 950 1892 caespitibus
992 1820 1136 1874 laxis
1174 1822 1385 1888 effusiS,
1419 1827 1703 1898 peridiolis

222 1895 413 1959 ovatiS.
445 1928 516 1935 —
549 1897 752 1949 Kunz.!
785 1894 840 1944 in
879 1896 964 1947 W
960 1892 1061 1959 εἰς.
1092 1892 1267 1948 Surin.
1309 1915 1424 1952 ατε.

220 1981 465 2034 Maculae
496 1979 667 2052 primo
702 1977 1094 2038 subrotundae,
1122 1978 1188 2030 ad
1225 1979 1262 2030 4
1292 1980 1393 2036 lin.
1424 2004 1593 2055 usque
1620 1989 1705 2041 di-

76 2054 300 2117 latatae,
377 2053 556 2105 floccis
618 2050 887 2122 adpressis
955 2049 1293 2104 radiantibus
1357 2055 1702 2128 adplanatae,

10 2141 13 2147 “
74 2126 279 2199 passim
322 2125 652 2177 confluentes
702 2121 875 2190 magis
928 2120 1275 2190 irregulares,
1352 2124 1539 2181 Flocci
1583 2131 1706 2184 fer..

75 2197 200 2250 tiles
224 2196 370 2248 nudo
407 2196 555 2248 oculo
586 2194 689 2248 vix
719 2194 1116 2256 discernuntur,
1155 2194 1254 2246 sub
1284 2195 1426 2251 lente
1465 2202 1703 2273 capitulo

40 2269 202 2322 albo
250 2267 526 2321 terminati
568 2266 842 2320 videntur.
944 2262 1059 2318 Sub
1104 2265 1464 2341 microscopio
1512 2274 1706 2327 chara-

76 2353 246 2393 oteres
291 2358 456 2411 supra
496 2338 760 2391 indicatos
796 2347 1074 2388 monstrat.
1098 2367 1168 2376 —
1204 2337 1520 2408 Specimina
1555 2365 1584 2397 a
1617 2367 1705 2400 me

77 2413 194 2465 visa
227 2411 449 2483 epigena
493 2423 646 2475 sunt3
684 2409 744 2462 in
787 2408 980 2462 Sched.
1024 2408 1062 2462 l.
1113 2416 1156 2467 c.
1194 2411 1378 2464 addita
1413 2415 1704 2490 hypogena

78 2483 349 2538 dicuntur.
434 2482 681 2550 Infoliis
722 2486 1019 2549 plantarum
1065 2480 1435 2551 Gujanensium
1482 2508 1704 2558 semper-

76 2554 349 2606 virentium
402 2552 807 2626 (Ecastophylli
850 2551 1082 2620 Rich.?)
1118 2556 1191 2619 (v.
1226 2557 1295 2624 s.)

76 2640 130 2696 2.
225 2645 278 2693 G.
319 2639 522 2701 densus,
571 2638 896 2710 caespitibus
943 2636 1124 2690 densis
1163 2639 1490 2711 pulvinatis,
1554 2644 1703 2716 peri-

220 2710 383 2763 diolis
427 2709 906 2781 ovato-globosis.
945 2739 1016 2748 —
1074 2713 1279 2765 Kunz..'

220 2794 465 2847 Maculae
495 2796 657 2870 hujus
691 2795 863 2865 magis
894 2793 1166 2865 byssinae,
1210 2795 1374 2848 etiam
1408 2797 1571 2870 duplo
1602 2799 1706 2852 mi-

77 2885 239 2918 nores
277 2870 332 2929 (l
352 2868 467 2918 -2
497 2867 592 2919 lin.
626 2869 812 2936 latae)3
845 2865 1024 2917 floccis
1054 2866 1198 2918 haud
1234 2867 1311 2919 ita
1344 2868 1615 2941 adpressis
1656 2884 1708 2924 et

78 2937 447 3004 radiantibus,
492 2939 584 2990 sed
622 2939 861 3007 undique
919 2936 1354 3008 divergentibus,
1404 2942 1547 2994 unde
1591 2962 1709 2995 cae-

78 3008 243 3082 spites
290 3010 564 3063 densiores
606 3021 657 3062 et
716 3008 1000 3082 pulvinati.
1103 3007 1270 3063 Color
1341 3032 1370 3063 e
1420 3014 1710 3067 virescenti

1246 3081 1365 3135 E2
