1887 3255
647 141 1146 200 TUBURclNlA.
1592 147 1696 196 439

72 292 216 366 jora,
256 292 355 344 sub
390 289 750 361 microscopio
781 287 1067 340 annulat-ia
1089 326 1104 352 ‚
1139 285 1497 358 appendiculo
1532 287 1694 358 'brevi

71 363 325 416 filiformi
361 376 535 420 aucta.
613 368 734 416 Cum
757 361 1128 428 praecedente5
1158 357 1264 425 legi
1290 357 1347 408 in
1378 359 1560 410 Bolao
1597 378 1694 424 pa-

74 435 317 504 chypode.
359 438 434 506 (v.
470 437 550 505 v.)

72 517 125 572 3.
221 523 276 571 S.
321 519 599 577 cervinum,
638 513 816 565 floccis
856 514 1272 584 lanaesormibus
1311 513 1477 577 albis,
1515 509 1692 581 spori-

215 587 319 640 diis
351 584 776 661 appendiculatis
815 585 1147 640 flavofuscis.

129 676 205 721 M.
236 675 423 718 cervina.
471 673 625 715 Dium.
659 669 777 721 apud
804 673 960 712 Slurm.
998 673 1107 722 Hes!
1132 670 1175 718 4,
1203 678 1233 714 i.
1269 671 1343 714 53,
1413 675 1531 714 Pers,
1575 671 1692 723 Dlyc,

190 737 233 778 1.
256 747 303 785 p.
334 733 405 771 26.
460 731 570 771 Link
611 732 734 781 Spec.
772 730 809 766 1.
836 741 884 779 p,
920 729 994 772 30.

212 800 668 854 Praecedentibus
726 797 942 847 tenuior
993 810 1333 867 ceterumque
1384 797 1559 849 colore
1608 794 1691 844 di-

74 891 229 927 versa
262 871 482 942 species.
547 876 711 923 Lecta
734 867 790 918 in
831 868 1021 920 Peziza
1060 872 1377 937 macropode.
1417 871 1491 925 (v.
1526 866 1620 933 ic.)

188 963 304 1000 Inter
335 958 581 1010 Ρῆἱῖοηίαε,
614 954 890 1012 Fusisporia,
933 957 1158 1008 Epoclzm'a
1201 958 1324 998 etiam
1353 964 1568 996 occurrunt
1599 966 1696 1003 spe-

74 1020 158 1060 cies
190 1021 477 1071 Mycogenae.
533 1021 749 1060 Memorat
772 1016 943 1064 insuper
974 1017 1095 1063 Pers,
1124 1019 1159 1064 1,
1200 1029 1238 1064 c,
1265 1016 1451 1067 speciem
1485 1017 1695 1069 Dchoge-

72 1092 146 1120 nes
171 1078 330 1125 albam,

451 1361 519 1413 ΙΙ.
583 1358 635 1411 T
643 1356 1078 1413 UBURGINIA.
1145 1355 1319 1413 FrieS.

217 1471 446 1526 CHAR.
515 1473 717 1541 Sporae
738 1471 1076 1538 rotundatae,
1102 1470 1434 1540 inaequales,
1478 1494 1690 1547 opacae,

76 1545 328 1617 sporidiis
374 1541 618 1594 minimis
690 1541 976 1612 pellucidis
1030 1543 1394 1596 secedentibus
1460 1546 1690 1612 farctae,

74 1616 275 1689 plantis
310 1613 543 1686 putridis
580 1613 824 1672 innatae,
862 1612 1044 1664 floccis
1076 1614 1216 1665 raris
1268 1616 1482 1670 tenellis
1522 1619 1694 1674 inter-

76 1687 238 1740 textis
287 1684 728 1739 evanescentibus
781 1682 960 1754 primo
1007 1684 1376 1740 adhaerentes,

219 1758 373 1811 Obs.
452 1756 531 1808 Ut
567 1755 768 1827 prioris
805 1755 1006 1825 species
1044 1775 1229 1808 omnes
1267 1759 1515 1826 cognitae
1542 1762 1693 1816 Fun-

78 1850 194 1901 gos,
238 1829 399 1903 hujus
446 1827 655 1879 radices
701 1827 961 1895 sung-osas
1006 1825 1411 1884 tuburcinamizr.
1504 1833 1696 1902 Quoad

75 1900 549 1954 fructificationem
586 1899 650 1949 ad
689 1897 1024 1964 Sepedom‘mn
1070 1911 1118 1949 et
1169 1901 1440 1953 Collarium
1476 1908 1695 1969 accedit,

75 1986 136 2025 ut
180 1972 470 2027 Oedemimn
513 1969 577 2020 ad
617 1967 969 2040 Sporocyben
1012 1979 1061 2018 et
1102 1967 1516 2040 Myxotrichum
1554 1979 1585 2028 Ι,
1637 1992 1697 2031 ut

75 2043 446 2113 Stachylidium
485 2042 548 2092 ad
588 2039 960 2110 Aspergillum
1009 2051 1058 2090 et
1116 2042 1471 2113 Botrytidem.
1558 2048 1697 2120 Spo-

76 2115 220 2169 ridia
253 2115 449 2165 abeunt
486 2113 545 2163 in
573 2130 776 2182 speras,
807 2109 1061 2180 sporidiis
1109 2113 1325 2167 farctas.
1407 2113 1547 2169 Sunt
1574 2121 1693 2187 qui-

78 2188 200 2238 dem
222 2185 349 2236 haec
384 2182 621 2254 sporidia
658 2182 895 2254 ejusdem
920 2181 1197 2249 dignitatis
1226 2202 1286 2235 ac
1309 2188 1545 2256 sporidia
1569 2191 1693 2244 Psi..

75 2258 280 2322 loni‘ae,
330 2257 421 2307 sed
469 2255 629 2306 etiam
675 2253 989 2324 sporidiolis
1023 2254 1317 2325 Sepedonii
1353 2263 1692 2330 respondent.

75 2327 274 2386 Flocci‚
317 2326 518 2397 prioris
555 2325 713 2376 modo
753 2339 1144 2388 evanescentes,
1179 2328 1470 2398 mycelium
1492 2333 1695 2386 discre-

77 2413 193 2451 tum
223 2419 334 2449 non
367 2399 619 2455 formant,
663 2395 753 2447 sed
792 2394 967 2465 sporis
1005 2408 1212 2449 tantum
1249 2398 1555 2469 intertexti,
1595 2406 1693 2459 has

79 2472 294 2522 demum
320 2470 491 2522 nudas
530 2468 846 2537 relinquunt
892 2466 1104 2537 copiose
1159 2485 1518 2527 coacervatas.

80 2558 134 2610 l.
223 2561 285 2610 T.
329 2556 666 2616 Orabam-hes,
705 2552 990 2614 immersa,
1025 2552 1201 2625 sporis
1235 2554 1410 2626 nigris
1440 2558 1698 2630 inaequa-

223 2625 388 2689 libus,
426 2625 603 2677 floccis
641 2623 790 2676 raris.
1582 2639 1585 2641 ’

135 2712 408 2754 Rhizoctonia
461 2713 745 2756 orobanches.
803 2708 977 2750 Merat!
1011 2708 1082 2754 ΓΖ.
1115 2713 1221 2754 Pam,
1255 2712 1304 2754 2.

220 2783 451 2835 Radices
509 2794 558 2834 et
617 2781 768 2833 basin
831 2779 1280 2832 Orobancharum
1342 2790 1696 2837 tumescentes

81 2855 313 2907 comedit
337 2852 517 2925 pulvis
552 2853 795 2923 copiosus
832 2863 1170 2902 coacervatus
1192 2849 1378 2921 niger,
1422 2854 1697 2910 radicibus

78 2926 258 2998 primo
297 2943 519 2996 prorsus
550 2924 790 2976 inclusus
825 2935 874 2972 et
911 2921 1055 2974 inter
1091 2922 1287 2974 harum
1324 2923 1486 2978 fibras
1526 2926 1579 2978 in
1617 2929 1700 2980 lo-

80 2997 225 3050 culos
259 2996 484 3050 divisus.
569 2994 724 3047 'Micia
765 3013 938 3064 comp.
989 2992 1256 3067 subjectus
1310 2994 1447 3047 sistit
1515 3015 1702 3068 speras

1220 3064 1276 3116 M
1313 3070 1351 3116 ’.ὲ
