<?xml version="1.0" encoding="UTF-8"?>
<!DOCTYPE html PUBLIC "-//W3C//DTD XHTML 1.0 Transitional//EN"
    "http://www.w3.org/TR/xhtml1/DTD/xhtml1-transitional.dtd">
<html xmlns="http://www.w3.org/1999/xhtml" xml:lang="en" lang="en">
 <head>
  <title>
</title>
<meta http-equiv="Content-Type" content="text/html;charset=utf-8" />
  <meta name='ocr-system' content='tesseract 3.04.00' />
  <meta name='ocr-capabilities' content='ocr_page ocr_carea ocr_par ocr_line ocrx_word'/>
</head>
<body>
  <div class='ocr_page' id='page_1' title='image "./systemamycologic03frie/systemamycologic03frie_0411.png"; bbox 0 0 1887 3255; ppageno 0'>
   <div class='ocr_carea' id='block_1_1' title="bbox 676 125 1694 187">
    <p class='ocr_par' dir='ltr' id='par_1_1' title="bbox 676 125 1694 187">
     <span class='ocr_line' id='line_1_1' title="bbox 676 125 1694 187; baseline -0.007 -4"><span class='ocrx_word' id='word_1_1' title='bbox 676 127 1094 187; x_wconf 80' lang='lat' dir='ltr'>BOTRYTIS.</span> <span class='ocrx_word' id='word_1_2' title='bbox 1588 125 1694 178; x_wconf 80' lang='lat'>401</span> 
     </span>
    </p>
   </div>
   <div class='ocr_carea' id='block_1_2' title="bbox 75 267 1694 997">
    <p class='ocr_par' dir='ltr' id='par_1_2' title="bbox 75 267 1691 343">
     <span class='ocr_line' id='line_1_2' title="bbox 75 267 1691 343; baseline -0.005 -15"><span class='ocrx_word' id='word_1_3' title='bbox 75 272 228 336; x_wconf 62' lang='lat' dir='ltr'>rati,</span> <span class='ocrx_word' id='word_1_4' title='bbox 278 285 330 326; x_wconf 82' lang='lat' dir='ltr'>et</span> <span class='ocrx_word' id='word_1_5' title='bbox 365 283 570 326; x_wconf 82' lang='lat' dir='ltr'>statura</span> <span class='ocrx_word' id='word_1_6' title='bbox 604 267 818 342; x_wconf 81' lang='lat' dir='ltr'>majori.</span> <span class='ocrx_word' id='word_1_7' title='bbox 884 273 1078 343; x_wconf 82' lang='lat' dir='ltr'>Apices</span> <span class='ocrx_word' id='word_1_8' title='bbox 1110 271 1162 332; x_wconf 79' lang='lat'>4,</span> <span class='ocrx_word' id='word_1_9' title='bbox 1196 267 1232 323; x_wconf 84' lang='lat'>5</span> <span class='ocrx_word' id='word_1_10' title='bbox 1255 306 1282 315; x_wconf 86' lang='lat'>-</span> <span class='ocrx_word' id='word_1_11' title='bbox 1304 287 1431 322; x_wconf 86' lang='lat' dir='ltr'>raro</span> <span class='ocrx_word' id='word_1_12' title='bbox 1473 269 1507 321; x_wconf 85' lang='lat'><strong>6</strong></span> <span class='ocrx_word' id='word_1_13' title='bbox 1527 297 1552 310; x_wconf 93' lang='lat'>-</span> <span class='ocrx_word' id='word_1_14' title='bbox 1576 269 1691 330; x_wconf 84' lang='lat' dir='ltr'>fidi,</span> 
     </span>
    </p>

    <p class='ocr_par' dir='ltr' id='par_1_3' title="bbox 78 341 1690 411">
     <span class='ocr_line' id='line_1_3' title="bbox 78 341 1690 411; baseline -0.006 -13"><span class='ocrx_word' id='word_1_15' title='bbox 78 343 449 398; x_wconf 84' lang='lat' dir='ltr'>obtusiusculi.</span> <span class='ocrx_word' id='word_1_16' title='bbox 547 341 801 396; x_wconf 86' lang='lat' dir='ltr'>Ceterum</span> <span class='ocrx_word' id='word_1_17' title='bbox 862 343 1143 395; x_wconf 83' lang='lat' dir='ltr'>variabilis</span> <span class='ocrx_word' id='word_1_18' title='bbox 1204 341 1422 394; x_wconf 84' lang='lat' dir='ltr'>videtur</span> <span class='ocrx_word' id='word_1_19' title='bbox 1488 342 1690 411; x_wconf 75' lang='lat' dir='ltr'>planta,</span> 
     </span>
    </p>

    <p class='ocr_par' dir='ltr' id='par_1_4' title="bbox 78 411 1694 627">
     <span class='ocr_line' id='line_1_4' title="bbox 81 411 1694 488; baseline -0.003 -21"><span class='ocrx_word' id='word_1_20' title='bbox 81 415 233 488; x_wconf 81' lang='lat' dir='ltr'>cujus</span> <span class='ocrx_word' id='word_1_21' title='bbox 272 418 420 470; x_wconf 92' lang='lat' dir='ltr'>color</span> <span class='ocrx_word' id='word_1_22' title='bbox 459 435 527 467; x_wconf 86' lang='lat' dir='ltr'>ex</span> <span class='ocrx_word' id='word_1_23' title='bbox 561 414 684 466; x_wconf 86' lang='lat' dir='ltr'>albo</span> <span class='ocrx_word' id='word_1_24' title='bbox 714 411 780 463; x_wconf 68' lang='lat' dir='ltr'>in</span> <span class='ocrx_word' id='word_1_25' title='bbox 816 413 1270 483; x_wconf 82' lang='lat' dir='ltr'>griseo-nigrum</span> <span class='ocrx_word' id='word_1_26' title='bbox 1307 424 1523 464; x_wconf 83' lang='lat' dir='ltr'>auctore</span> <span class='ocrx_word' id='word_1_27' title='bbox 1556 411 1694 463; x_wconf 79' lang='lat' dir='ltr'>Bul-</span> 
     </span>
     <span class='ocr_line' id='line_1_5' title="bbox 78 484 1693 552; baseline -0.007 -12"><span class='ocrx_word' id='word_1_28' title='bbox 78 485 223 540; x_wconf 89' lang='lat' dir='ltr'>liard</span> <span class='ocrx_word' id='word_1_29' title='bbox 265 487 477 541; x_wconf 77' lang='lat' dir='ltr'><strong>transit.</strong></span> <span class='ocrx_word' id='word_1_30' title='bbox 546 486 638 540; x_wconf 80' lang='lat' dir='ltr'>Ad</span> <span class='ocrx_word' id='word_1_31' title='bbox 669 488 861 550; x_wconf 81' lang='lat' dir='ltr'>caules,</span> <span class='ocrx_word' id='word_1_32' title='bbox 893 484 1032 552; x_wconf 73' lang='lat' dir='ltr'>folia</span> <span class='ocrx_word' id='word_1_33' title='bbox 1074 498 1123 537; x_wconf 80' lang='lat' dir='ltr'>et</span> <span class='ocrx_word' id='word_1_34' title='bbox 1155 486 1357 551; x_wconf 75' lang='lat' dir='ltr'>fructus</span> <span class='ocrx_word' id='word_1_35' title='bbox 1397 494 1693 552; x_wconf 73' lang='lat' dir='ltr'>putrescen-</span> 
     </span>
     <span class='ocr_line' id='line_1_6' title="bbox 81 555 1693 627; baseline -0.003 -16"><span class='ocrx_word' id='word_1_36' title='bbox 81 570 155 611; x_wconf 75' lang='lat' dir='ltr'>tes</span> <span class='ocrx_word' id='word_1_37' title='bbox 192 560 247 610; x_wconf 80' lang='lat' dir='ltr'>in</span> <span class='ocrx_word' id='word_1_38' title='bbox 296 565 505 627; x_wconf 83' lang='lat' dir='ltr'><em>Europa</em></span> <span class='ocrx_word' id='word_1_39' title='bbox 541 555 866 623; x_wconf 80' lang='lat' dir='ltr'>australiori,</span> <span class='ocrx_word' id='word_1_40' title='bbox 918 558 1008 608; x_wconf 79' lang='lat' dir='ltr'>sed</span> <span class='ocrx_word' id='word_1_41' title='bbox 1034 558 1204 609; x_wconf 81' lang='lat' dir='ltr'>-etiam</span> <span class='ocrx_word' id='word_1_42' title='bbox 1243 555 1514 610; x_wconf 77' lang='lat' dir='ltr'>Rostochii</span> <span class='ocrx_word' id='word_1_43' title='bbox 1558 557 1693 607; x_wconf 79' lang='lat' dir='ltr'>lecta</span> 
     </span>
    </p>

    <p class='ocr_par' dir='ltr' id='par_1_5' title="bbox 80 630 542 697">
     <span class='ocr_line' id='line_1_7' title="bbox 80 630 542 697; baseline 0 -16"><span class='ocrx_word' id='word_1_44' title='bbox 80 634 116 681; x_wconf 79' lang='grc' dir='ltr'>α’</span> <span class='ocrx_word' id='word_1_45' title='bbox 153 630 323 684; x_wconf 86' lang='lat' dir='ltr'>Link.</span> <span class='ocrx_word' id='word_1_46' title='bbox 366 635 438 690; x_wconf 89' lang='lat' dir='ltr'>(v.</span> <span class='ocrx_word' id='word_1_47' title='bbox 472 631 542 697; x_wconf 87' lang='lat' dir='ltr'>s.)</span> 
     </span>
    </p>

    <p class='ocr_par' dir='ltr' id='par_1_6' title="bbox 78 711 1694 928">
     <span class='ocr_line' id='line_1_8' title="bbox 78 711 1692 783; baseline -0.001 -19"><span class='ocrx_word' id='word_1_48' title='bbox 78 717 169 770; x_wconf 83' lang='grc'>16.</span> <span class='ocrx_word' id='word_1_49' title='bbox 225 720 288 769; x_wconf 90' lang='lat' dir='ltr'>B.</span> <span class='ocrx_word' id='word_1_50' title='bbox 339 713 555 779; x_wconf 82' lang='lat' dir='ltr'><em>bicolor,</em></span> <span class='ocrx_word' id='word_1_51' title='bbox 620 713 800 766; x_wconf 84' lang='lat' dir='ltr'>floccis</span> <span class='ocrx_word' id='word_1_52' title='bbox 847 732 875 765; x_wconf 90' lang='lat' dir='ltr'>e</span> <span class='ocrx_word' id='word_1_53' title='bbox 917 714 1086 766; x_wconf 87' lang='lat' dir='ltr'>rubro</span> <span class='ocrx_word' id='word_1_54' title='bbox 1142 713 1364 783; x_wconf 86' lang='lat' dir='ltr'>griseis,</span> <span class='ocrx_word' id='word_1_55' title='bbox 1419 711 1692 764; x_wconf 80' lang='lat' dir='ltr'>fertilibus</span> 
     </span>
     <span class='ocr_line' id='line_1_9' title="bbox 222 783 1694 856; baseline -0.002 -18"><span class='ocrx_word' id='word_1_56' title='bbox 222 783 479 847; x_wconf 83' lang='lat' dir='ltr'>ramosis,</span> <span class='ocrx_word' id='word_1_57' title='bbox 521 783 672 855; x_wconf 81' lang='lat' dir='ltr'>apice</span> <span class='ocrx_word' id='word_1_58' title='bbox 712 785 1029 854; x_wconf 85' lang='lat' dir='ltr'>quadrifidis</span> <span class='ocrx_word' id='word_1_59' title='bbox 1067 783 1525 855; x_wconf 81' lang='lat' dir='ltr'>simplicibusque,</span> <span class='ocrx_word' id='word_1_60' title='bbox 1571 802 1694 856; x_wconf 82' lang='lat' dir='ltr'>spo-</span> 
     </span>
     <span class='ocr_line' id='line_1_10' title="bbox 220 853 1550 928; baseline 0.002 -20"><span class='ocrx_word' id='word_1_61' title='bbox 220 854 378 908; x_wconf 86' lang='lat' dir='ltr'>ridiis</span> <span class='ocrx_word' id='word_1_62' title='bbox 413 853 555 906; x_wconf 91' lang='lat' dir='ltr'>circa</span> <span class='ocrx_word' id='word_1_63' title='bbox 597 857 774 928; x_wconf 83' lang='lat' dir='ltr'>apices</span> <span class='ocrx_word' id='word_1_64' title='bbox 812 855 1078 925; x_wconf 84' lang='lat' dir='ltr'>congestis</span> <span class='ocrx_word' id='word_1_65' title='bbox 1121 856 1359 927; x_wconf 84' lang='lat' dir='ltr'>globosis</span> <span class='ocrx_word' id='word_1_66' title='bbox 1395 856 1550 911; x_wconf 77' lang='lat' dir='ltr'>albis·</span> 
     </span>
    </p>

    <p class='ocr_par' dir='ltr' id='par_1_7' title="bbox 137 942 987 997">
     <span class='ocr_line' id='line_1_11' title="bbox 137 942 987 997; baseline 0.001 -14"><span class='ocrx_word' id='word_1_67' title='bbox 137 944 192 989; x_wconf 76' lang='lat' dir='ltr'>B.</span> <span class='ocrx_word' id='word_1_68' title='bbox 221 944 395 984; x_wconf 85' lang='lat' dir='ltr'>bicolor.</span> <span class='ocrx_word' id='word_1_69' title='bbox 446 942 584 982; x_wconf 67' lang='lat' dir='ltr'>Link.*</span> <span class='ocrx_word' id='word_1_70' title='bbox 612 947 735 997; x_wconf 75' lang='lat' dir='ltr'>Spec.</span> <span class='ocrx_word' id='word_1_71' title='bbox 769 948 806 990; x_wconf 58' lang='lat'>1„</span> <span class='ocrx_word' id='word_1_72' title='bbox 832 958 878 997; x_wconf 84' lang='lat' dir='ltr'>p.</span> <span class='ocrx_word' id='word_1_73' title='bbox 914 946 987 988; x_wconf 85' lang='lat'>61.</span> 
     </span>
    </p>
   </div>
   <div class='ocr_carea' id='block_1_3' title="bbox 77 1011 1697 1370">
    <p class='ocr_par' dir='ltr' id='par_1_8' title="bbox 77 1011 1697 1370">
     <span class='ocr_line' id='line_1_12' title="bbox 223 1011 1695 1085; baseline 0.002 -22"><span class='ocrx_word' id='word_1_74' title='bbox 223 1011 498 1084; x_wconf 85' lang='lat' dir='ltr'>Gaespites</span> <span class='ocrx_word' id='word_1_75' title='bbox 530 1014 738 1066; x_wconf 78' lang='lat' dir='ltr'>format</span> <span class='ocrx_word' id='word_1_76' title='bbox 770 1015 863 1068; x_wconf 91' lang='lat' dir='ltr'>lin.</span> <span class='ocrx_word' id='word_1_77' title='bbox 903 1026 953 1066; x_wconf 89' lang='lat' dir='ltr'>et</span> <span class='ocrx_word' id='word_1_78' title='bbox 988 1014 1130 1065; x_wconf 87' lang='lat' dir='ltr'>ultra</span> <span class='ocrx_word' id='word_1_79' title='bbox 1159 1014 1321 1080; x_wconf 83' lang='lat' dir='ltr'>altoS,</span> <span class='ocrx_word' id='word_1_80' title='bbox 1365 1016 1527 1085; x_wconf 90' lang='lat' dir='ltr'>longe</span> <span class='ocrx_word' id='word_1_81' title='bbox 1560 1015 1695 1066; x_wconf 81' lang='lat' dir='ltr'>effu-</span> 
     </span>
     <span class='ocr_line' id='line_1_13' title="bbox 77 1085 1696 1156; baseline 0.001 -20"><span class='ocrx_word' id='word_1_82' title='bbox 77 1102 189 1143; x_wconf 76' lang='lat' dir='ltr'>SOS,</span> <span class='ocrx_word' id='word_1_83' title='bbox 233 1086 414 1136; x_wconf 79' lang='lat' dir='ltr'>colore</span> <span class='ocrx_word' id='word_1_84' title='bbox 447 1104 474 1136; x_wconf 86' lang='lat' dir='ltr'>e</span> <span class='ocrx_word' id='word_1_85' title='bbox 498 1085 676 1154; x_wconf 88' lang='lat' dir='ltr'>griseo</span> <span class='ocrx_word' id='word_1_86' title='bbox 711 1087 1048 1156; x_wconf 68' lang='lat' dir='ltr'>nigrescente</span> <span class='ocrx_word' id='word_1_87' title='bbox 1071 1086 1200 1138; x_wconf 89' lang='lat' dir='ltr'>hinc</span> <span class='ocrx_word' id='word_1_88' title='bbox 1230 1086 1356 1137; x_wconf 88' lang='lat' dir='ltr'>inde</span> <span class='ocrx_word' id='word_1_89' title='bbox 1386 1092 1569 1153; x_wconf 83' lang='lat' dir='ltr'>rubrO,</span> <span class='ocrx_word' id='word_1_90' title='bbox 1594 1087 1696 1138; x_wconf 80' lang='lat' dir='ltr'>isso</span> 
     </span>
     <span class='ocr_line' id='line_1_14' title="bbox 77 1154 1697 1226; baseline 0.002 -20"><span class='ocrx_word' id='word_1_91' title='bbox 77 1154 419 1226; x_wconf 82' lang='lat' dir='ltr'>persistente,</span> <span class='ocrx_word' id='word_1_92' title='bbox 465 1156 568 1209; x_wconf 92' lang='lat' dir='ltr'>hoc</span> <span class='ocrx_word' id='word_1_93' title='bbox 605 1170 971 1211; x_wconf 82' lang='lat' dir='ltr'>evanescente.</span> <span class='ocrx_word' id='word_1_94' title='bbox 1011 1158 1180 1212; x_wconf 87' lang='lat' dir='ltr'>Link.</span> <span class='ocrx_word' id='word_1_95' title='bbox 1251 1157 1479 1210; x_wconf 82' lang='lat' dir='ltr'>Transit</span> <span class='ocrx_word' id='word_1_96' title='bbox 1509 1160 1572 1209; x_wconf 89' lang='lat' dir='ltr'>ad</span> <span class='ocrx_word' id='word_1_97' title='bbox 1613 1178 1697 1210; x_wconf 86' lang='lat' dir='ltr'>se-</span> 
     </span>
     <span class='ocr_line' id='line_1_15' title="bbox 79 1227 1697 1304; baseline 0.002 -26"><span class='ocrx_word' id='word_1_98' title='bbox 79 1241 331 1296; x_wconf 89' lang='lat' dir='ltr'>quentem</span> <span class='ocrx_word' id='word_1_99' title='bbox 369 1227 602 1289; x_wconf 88' lang='lat' dir='ltr'>tribum,</span> <span class='ocrx_word' id='word_1_100' title='bbox 643 1229 791 1304; x_wconf 84' lang='lat' dir='ltr'>cujus</span> <span class='ocrx_word' id='word_1_101' title='bbox 833 1230 1017 1282; x_wconf 83' lang='lat' dir='ltr'>multis</span> <span class='ocrx_word' id='word_1_102' title='bbox 1047 1230 1395 1300; x_wconf 84' lang='lat' dir='ltr'>peraffiuibus</span> <span class='ocrx_word' id='word_1_103' title='bbox 1419 1231 1697 1301; x_wconf 82' lang='lat' dir='ltr'>speciebus</span> 
     </span>
     <span class='ocr_line' id='line_1_16' title="bbox 80 1298 1697 1370; baseline 0.002 -21"><span class='ocrx_word' id='word_1_104' title='bbox 80 1298 246 1350; x_wconf 81' lang='lat' dir='ltr'>etiam</span> <span class='ocrx_word' id='word_1_105' title='bbox 288 1300 449 1351; x_wconf 82' lang='lat' dir='ltr'>valde</span> <span class='ocrx_word' id='word_1_106' title='bbox 496 1301 714 1355; x_wconf 86' lang='lat' dir='ltr'>accedit.</span> <span class='ocrx_word' id='word_1_107' title='bbox 784 1303 875 1354; x_wconf 83' lang='lat' dir='ltr'>Ad</span> <span class='ocrx_word' id='word_1_108' title='bbox 913 1303 1078 1353; x_wconf 78' lang='lat' dir='ltr'>caules</span> <span class='ocrx_word' id='word_1_109' title='bbox 1125 1303 1393 1353; x_wconf 77' lang='lat' dir='ltr'>herbarum</span> <span class='ocrx_word' id='word_1_110' title='bbox 1446 1302 1697 1370; x_wconf 76' lang='lat' dir='ltr'>moJ&#39;orum</span> 
     </span>
    </p>
   </div>
   <div class='ocr_carea' id='block_1_4' title="bbox 74 1373 1698 1513">
    <p class='ocr_par' dir='ltr' id='par_1_9' title="bbox 74 1373 1698 1513">
     <span class='ocr_line' id='line_1_17' title="bbox 74 1373 1698 1440; baseline 0.005 -21"><span class='ocrx_word' id='word_1_111' title='bbox 74 1381 453 1437; x_wconf 75' lang='lat' dir='ltr'>putrescentes5</span> <span class='ocrx_word' id='word_1_112' title='bbox 491 1383 547 1423; x_wconf 81' lang='lat' dir='ltr'>ut</span> <span class='ocrx_word' id='word_1_113' title='bbox 577 1373 836 1440; x_wconf 78' lang='lat' dir='ltr'>Berolini‚</span> <span class='ocrx_word' id='word_1_114' title='bbox 878 1385 1031 1424; x_wconf 65' lang='lat' dir='ltr'>ettam</span> <span class='ocrx_word' id='word_1_115' title='bbox 1064 1375 1281 1425; x_wconf 81' lang='lat' dir='ltr'>Lundae</span> <span class='ocrx_word' id='word_1_116' title='bbox 1318 1374 1374 1424; x_wconf 81' lang='lat' dir='ltr'>in</span> <span class='ocrx_word' id='word_1_117' title='bbox 1408 1375 1554 1425; x_wconf 76' lang='lat' dir='ltr'>horto</span> <span class='ocrx_word' id='word_1_118' title='bbox 1590 1379 1698 1427; x_wconf 81' lang='lat' dir='ltr'>Bo-</span> 
     </span>
     <span class='ocr_line' id='line_1_18' title="bbox 80 1442 810 1513; baseline 0.01 -22"><span class='ocrx_word' id='word_1_119' title='bbox 80 1442 277 1503; x_wconf 83' lang='lat' dir='ltr'>tam&#39;co,</span> <span class='ocrx_word' id='word_1_120' title='bbox 312 1454 571 1496; x_wconf 76' lang='lat' dir='ltr'>autumna.</span> <span class='ocrx_word' id='word_1_121' title='bbox 610 1449 689 1512; x_wconf 86' lang='lat' dir='ltr'>(V.</span> <span class='ocrx_word' id='word_1_122' title='bbox 729 1449 810 1513; x_wconf 89' lang='lat' dir='ltr'>v.)</span> 
     </span>
    </p>
   </div>
   <div class='ocr_carea' id='block_1_5' title="bbox 80 1540 1701 1894">
    <p class='ocr_par' dir='ltr' id='par_1_10' title="bbox 80 1540 1701 1894">
     <span class='ocr_line' id='line_1_19' title="bbox 299 1540 1701 1601; baseline 0.004 -9"><span class='ocrx_word' id='word_1_123' title='bbox 299 1540 487 1596; x_wconf 86' lang='lat' dir='ltr'>Trib.</span> <span class='ocrx_word' id='word_1_124' title='bbox 536 1542 606 1598; x_wconf 88' lang='lat' dir='ltr'>V.</span> <span class='ocrx_word' id='word_1_125' title='bbox 665 1541 1324 1601; x_wconf 74' lang='lat' dir='ltr'><strong>VERTICILLATAE.</strong></span> <span class='ocrx_word' id='word_1_126' title='bbox 1380 1546 1566 1599; x_wconf 89' lang='lat' dir='ltr'>Flocci</span> <span class='ocrx_word' id='word_1_127' title='bbox 1597 1546 1701 1597; x_wconf 83' lang='lat' dir='ltr'>ad-</span> 
     </span>
     <span class='ocr_line' id='line_1_20' title="bbox 80 1611 1699 1687; baseline 0.005 -24"><span class='ocrx_word' id='word_1_128' title='bbox 80 1611 302 1663; x_wconf 82' lang='lat' dir='ltr'>modum</span> <span class='ocrx_word' id='word_1_129' title='bbox 342 1613 568 1680; x_wconf 81' lang='lat' dir='ltr'>ramosi,</span> <span class='ocrx_word' id='word_1_130' title='bbox 616 1614 779 1665; x_wconf 87' lang='lat' dir='ltr'>ramis</span> <span class='ocrx_word' id='word_1_131' title='bbox 828 1616 1189 1687; x_wconf 81' lang='lat' dir='ltr'>suboppositis</span> <span class='ocrx_word' id='word_1_132' title='bbox 1239 1631 1289 1670; x_wconf 82' lang='lat' dir='ltr'>et</span> <span class='ocrx_word' id='word_1_133' title='bbox 1336 1619 1699 1678; x_wconf 80' lang='lat' dir='ltr'>verticillatiS‚</span> 
     </span>
     <span class='ocr_line' id='line_1_21' title="bbox 82 1683 1698 1761; baseline 0.004 -26"><span class='ocrx_word' id='word_1_134' title='bbox 82 1683 553 1754; x_wconf 84' lang='lat' dir='ltr'>subsimplicibus,</span> <span class='ocrx_word' id='word_1_135' title='bbox 612 1685 944 1754; x_wconf 83' lang='lat' dir='ltr'>patentibus,</span> <span class='ocrx_word' id='word_1_136' title='bbox 1015 1689 1189 1757; x_wconf 84' lang='lat' dir='ltr'>primo</span> <span class='ocrx_word' id='word_1_137' title='bbox 1240 1710 1394 1761; x_wconf 83' lang='lat' dir='ltr'>spora</span> <span class='ocrx_word' id='word_1_138' title='bbox 1455 1691 1698 1743; x_wconf 75' lang='lat' dir='ltr'>solitaria</span> 
     </span>
     <span class='ocr_line' id='line_1_22' title="bbox 82 1753 1701 1832; baseline 0.006 -27"><span class='ocrx_word' id='word_1_139' title='bbox 82 1753 407 1808; x_wconf 87' lang='lat' dir='ltr'>terminatis.</span> <span class='ocrx_word' id='word_1_140' title='bbox 475 1756 866 1809; x_wconf 83' lang='lat' dir='ltr'>Verticillium.</span> <span class='ocrx_word' id='word_1_141' title='bbox 954 1765 1088 1812; x_wconf 83' lang='lat' dir='ltr'>Nees</span> <span class='ocrx_word' id='word_1_142' title='bbox 1135 1767 1268 1831; x_wconf 66' lang='lat' dir='ltr'>Syst.</span> <span class='ocrx_word' id='word_1_143' title='bbox 1307 1782 1365 1832; x_wconf 73' lang='lat' dir='ltr'>p.</span> <span class='ocrx_word' id='word_1_144' title='bbox 1414 1763 1502 1819; x_wconf 79' lang='lat'>57.</span> <span class='ocrx_word' id='word_1_145' title='bbox 1556 1765 1701 1816; x_wconf 72' lang='lat' dir='ltr'>Lim&#39;c</span> 
     </span>
     <span class='ocr_line' id='line_1_23' title="bbox 83 1828 537 1894; baseline 0.007 -16"><span class='ocrx_word' id='word_1_146' title='bbox 83 1830 232 1894; x_wconf 76' lang='lat' dir='ltr'>Spec.</span> <span class='ocrx_word' id='word_1_147' title='bbox 265 1829 311 1881; x_wconf 88' lang='lat' dir='ltr'>l.</span> <span class='ocrx_word' id='word_1_148' title='bbox 346 1846 404 1894; x_wconf 83' lang='lat' dir='ltr'>p.</span> <span class='ocrx_word' id='word_1_149' title='bbox 448 1828 537 1881; x_wconf 84' lang='lat'>75.</span> 
     </span>
    </p>
   </div>
   <div class='ocr_carea' id='block_1_6' title="bbox 77 1913 1727 3059">
    <p class='ocr_par' dir='ltr' id='par_1_11' title="bbox 77 1913 1727 3059">
     <span class='ocr_line' id='line_1_24' title="bbox 226 1913 1702 1988; baseline 0.005 -26"><span class='ocrx_word' id='word_1_150' title='bbox 226 1914 375 1964; x_wconf 90' lang='lat' dir='ltr'>Inter</span> <span class='ocrx_word' id='word_1_151' title='bbox 410 1913 717 1984; x_wconf 84' lang='lat' dir='ltr'>Botrytides</span> <span class='ocrx_word' id='word_1_152' title='bbox 757 1914 916 1966; x_wconf 86' lang='lat' dir='ltr'>facile</span> <span class='ocrx_word' id='word_1_153' title='bbox 952 1915 1339 1984; x_wconf 81' lang='lat' dir='ltr'>dignoscuntur</span> <span class='ocrx_word' id='word_1_154' title='bbox 1381 1915 1550 1969; x_wconf 82' lang='lat' dir='ltr'>ramis</span> <span class='ocrx_word' id='word_1_155' title='bbox 1601 1937 1702 1988; x_wconf 84' lang='lat' dir='ltr'>pro</span> 
     </span>
     <span class='ocr_line' id='line_1_25' title="bbox 83 1981 1704 2057; baseline 0.004 -24"><span class='ocrx_word' id='word_1_156' title='bbox 83 1981 298 2034; x_wconf 82' lang='lat' dir='ltr'>ratione</span> <span class='ocrx_word' id='word_1_157' title='bbox 333 1983 623 2052; x_wconf 84' lang='lat' dir='ltr'>elongatis,</span> <span class='ocrx_word' id='word_1_158' title='bbox 662 1986 940 2048; x_wconf 85' lang='lat' dir='ltr'>tenuibus,</span> <span class='ocrx_word' id='word_1_159' title='bbox 971 1989 1091 2057; x_wconf 83' lang='lat' dir='ltr'>plus</span> <span class='ocrx_word' id='word_1_160' title='bbox 1119 1989 1298 2042; x_wconf 89' lang='lat' dir='ltr'>minus</span> <span class='ocrx_word' id='word_1_161' title='bbox 1336 1989 1704 2051; x_wconf 84' lang='lat' dir='ltr'>verticillatis‚</span> 
     </span>
     <span class='ocr_line' id='line_1_26' title="bbox 86 2051 1704 2131; baseline 0.005 -27"><span class='ocrx_word' id='word_1_162' title='bbox 86 2053 179 2122; x_wconf 89' lang='lat' dir='ltr'>qui</span> <span class='ocrx_word' id='word_1_163' title='bbox 216 2051 359 2106; x_wconf 37' lang='lat' dir='ltr'>vero*</span> <span class='ocrx_word' id='word_1_164' title='bbox 386 2055 659 2109; x_wconf 85' lang='lat' dir='ltr'>character</span> <span class='ocrx_word' id='word_1_165' title='bbox 688 2056 747 2108; x_wconf 87' lang='lat' dir='ltr'>in</span> <span class='ocrx_word' id='word_1_166' title='bbox 785 2057 957 2110; x_wconf 87' lang='lat' dir='ltr'>variis</span> <span class='ocrx_word' id='word_1_167' title='bbox 994 2059 1270 2129; x_wconf 80' lang='lat' dir='ltr'>speciebus</span> <span class='ocrx_word' id='word_1_168' title='bbox 1310 2060 1461 2114; x_wconf 84' lang='lat' dir='ltr'>varie</span> <span class='ocrx_word' id='word_1_169' title='bbox 1498 2073 1704 2131; x_wconf 87' lang='lat' dir='ltr'>tempe-</span> 
     </span>
     <span class='ocr_line' id='line_1_27' title="bbox 84 2126 1706 2184; baseline 0.005 -8"><span class='ocrx_word' id='word_1_170' title='bbox 84 2138 254 2178; x_wconf 86' lang='lat' dir='ltr'>ratur.</span> <span class='ocrx_word' id='word_1_171' title='bbox 331 2126 419 2178; x_wconf 89' lang='lat' dir='ltr'>Ob</span> <span class='ocrx_word' id='word_1_172' title='bbox 458 2127 603 2180; x_wconf 85' lang='lat' dir='ltr'>hunc</span> <span class='ocrx_word' id='word_1_173' title='bbox 632 2147 910 2180; x_wconf 86' lang='lat' dir='ltr'>ramorum</span> <span class='ocrx_word' id='word_1_174' title='bbox 948 2129 1110 2181; x_wconf 84' lang='lat' dir='ltr'>situm</span> <span class='ocrx_word' id='word_1_175' title='bbox 1142 2152 1251 2183; x_wconf 87' lang='lat' dir='ltr'>nou</span> <span class='ocrx_word' id='word_1_176' title='bbox 1293 2133 1706 2184; x_wconf 70' lang='lat' dir='ltr'>confundendae</span> 
     </span>
     <span class='ocr_line' id='line_1_28' title="bbox 87 2199 1706 2275; baseline 0.006 -29"><span class='ocrx_word' id='word_1_177' title='bbox 87 2215 209 2248; x_wconf 90' lang='lat' dir='ltr'>cum</span> <span class='ocrx_word' id='word_1_178' title='bbox 247 2199 583 2264; x_wconf 71' lang='lat' dir='ltr'>Stackzslidiis</span> <span class='ocrx_word' id='word_1_179' title='bbox 625 2212 675 2250; x_wconf 84' lang='lat' dir='ltr'>et</span> <span class='ocrx_word' id='word_1_180' title='bbox 722 2200 980 2268; x_wconf 67' lang='lat' dir='ltr'>Dactyliis</span> <span class='ocrx_word' id='word_1_181' title='bbox 1011 2203 1352 2259; x_wconf 79' lang='lat' dir='ltr'>verticillatis.</span> <span class='ocrx_word' id='word_1_182' title='bbox 1436 2202 1540 2255; x_wconf 88' lang='lat' dir='ltr'>His</span> <span class='ocrx_word' id='word_1_183' title='bbox 1576 2225 1706 2275; x_wconf 86' lang='lat' dir='ltr'>pro-</span> 
     </span>
     <span class='ocr_line' id='line_1_29' title="bbox 84 2267 1703 2340; baseline 0.006 -22"><span class='ocrx_word' id='word_1_184' title='bbox 84 2267 235 2318; x_wconf 83' lang='lat' dir='ltr'>xime</span> <span class='ocrx_word' id='word_1_185' title='bbox 279 2270 561 2334; x_wconf 85' lang='lat' dir='ltr'>accedunt,</span> <span class='ocrx_word' id='word_1_186' title='bbox 616 2270 780 2322; x_wconf 86' lang='lat' dir='ltr'>etiam</span> <span class='ocrx_word' id='word_1_187' title='bbox 829 2284 1053 2324; x_wconf 80' lang='lat' dir='ltr'>externa</span> <span class='ocrx_word' id='word_1_188' title='bbox 1098 2274 1237 2327; x_wconf 85' lang='lat' dir='ltr'>facie</span> <span class='ocrx_word' id='word_1_189' title='bbox 1293 2288 1343 2327; x_wconf 92' lang='lat' dir='ltr'>et</span> <span class='ocrx_word' id='word_1_190' title='bbox 1400 2277 1543 2340; x_wconf 85' lang='lat' dir='ltr'>loco,</span> <span class='ocrx_word' id='word_1_191' title='bbox 1611 2277 1703 2328; x_wconf 83' lang='lat' dir='ltr'>sed</span> 
     </span>
     <span class='ocr_line' id='line_1_30' title="bbox 83 2338 1705 2419; baseline 0.006 -31"><span class='ocrx_word' id='word_1_192' title='bbox 83 2338 494 2393; x_wconf 82' lang='lat' dir='ltr'>fructificatione</span> <span class='ocrx_word' id='word_1_193' title='bbox 532 2342 807 2398; x_wconf 81' lang='lat' dir='ltr'>differunt.</span> <span class='ocrx_word' id='word_1_194' title='bbox 847 2374 917 2382; x_wconf 90' lang='grc'><strong>-</strong></span> <span class='ocrx_word' id='word_1_195' title='bbox 967 2344 1150 2398; x_wconf 76' lang='lat' dir='ltr'>Status</span> <span class='ocrx_word' id='word_1_196' title='bbox 1190 2348 1482 2419; x_wconf 85' lang='lat' dir='ltr'>primarius</span> <span class='ocrx_word' id='word_1_197' title='bbox 1521 2352 1705 2399; x_wconf 76' lang='grc' dir='ltr'><strong><em>Μασο-</em></strong></span> 
     </span>
     <span class='ocr_line' id='line_1_31' title="bbox 83 2410 1701 2486; baseline 0.007 -26"><span class='ocrx_word' id='word_1_198' title='bbox 83 2410 226 2461; x_wconf 74' lang='lat' dir='ltr'>rimes</span> <span class='ocrx_word' id='word_1_199' title='bbox 262 2413 725 2484; x_wconf 82' lang='lat' dir='ltr'>Botrytidearum,</span> <span class='ocrx_word' id='word_1_200' title='bbox 761 2415 820 2465; x_wconf 91' lang='lat' dir='ltr'>in</span> <span class='ocrx_word' id='word_1_201' title='bbox 853 2420 920 2470; x_wconf 89' lang='lat' dir='ltr'>B.</span> <span class='ocrx_word' id='word_1_202' title='bbox 962 2436 1152 2469; x_wconf 80' lang='lat' dir='ltr'>carnea</span> <span class='ocrx_word' id='word_1_203' title='bbox 1181 2425 1392 2483; x_wconf 82' lang='lat' dir='ltr'>(Mucor</span> <span class='ocrx_word' id='word_1_204' title='bbox 1429 2418 1596 2486; x_wconf 85' lang='lat' dir='ltr'>Link)</span> <span class='ocrx_word' id='word_1_205' title='bbox 1636 2421 1701 2471; x_wconf 85' lang='lat' dir='ltr'>ab</span> 
     </span>
     <span class='ocr_line' id='line_1_32' title="bbox 84 2483 1702 2555; baseline 0.006 -24"><span class='ocrx_word' id='word_1_206' title='bbox 84 2483 436 2550; x_wconf 71' lang='lat' dir='ltr'>Elzrenbergio</span> <span class='ocrx_word' id='word_1_207' title='bbox 490 2485 668 2555; x_wconf 87' lang='lat' dir='ltr'>primo</span> <span class='ocrx_word' id='word_1_208' title='bbox 729 2487 1070 2551; x_wconf 87' lang='lat' dir='ltr'>observatus,</span> <span class='ocrx_word' id='word_1_209' title='bbox 1121 2489 1180 2541; x_wconf 92' lang='lat' dir='ltr'>in</span> <span class='ocrx_word' id='word_1_210' title='bbox 1221 2491 1300 2542; x_wconf 87' lang='lat' dir='ltr'>his</span> <span class='ocrx_word' id='word_1_211' title='bbox 1345 2491 1557 2542; x_wconf 82' lang='lat' dir='ltr'>facilius</span> <span class='ocrx_word' id='word_1_212' title='bbox 1604 2493 1702 2542; x_wconf 90' lang='lat' dir='ltr'>ob-</span> 
     </span>
     <span class='ocr_line' id='line_1_33' title="bbox 85 2556 1703 2628; baseline 0.007 -26"><span class='ocrx_word' id='word_1_213' title='bbox 85 2565 353 2608; x_wconf 83' lang='lat' dir='ltr'>servatur.</span> <span class='ocrx_word' id='word_1_214' title='bbox 411 2558 515 2607; x_wconf 87' lang='lat' dir='ltr'>Sed</span> <span class='ocrx_word' id='word_1_215' title='bbox 543 2556 703 2608; x_wconf 88' lang='lat' dir='ltr'>istam</span> <span class='ocrx_word' id='word_1_216' title='bbox 740 2557 1036 2611; x_wconf 85' lang='lat' dir='ltr'>vesiculam</span> <span class='ocrx_word' id='word_1_217' title='bbox 1082 2562 1450 2628; x_wconf 81' lang='lat' dir='ltr'>terminalem,</span> <span class='ocrx_word' id='word_1_218' title='bbox 1500 2563 1566 2613; x_wconf 87' lang='lat' dir='ltr'>ob</span> <span class='ocrx_word' id='word_1_219' title='bbox 1613 2583 1703 2613; x_wconf 80' lang='lat' dir='ltr'>ra-</span> 
     </span>
     <span class='ocr_line' id='line_1_34' title="bbox 77 2622 1701 2704; baseline 0.007 -32"><span class='ocrx_word' id='word_1_220' title='bbox 77 2622 259 2675; x_wconf 85' lang='lat' dir='ltr'>tiones</span> <span class='ocrx_word' id='word_1_221' title='bbox 313 2625 376 2676; x_wconf 83' lang='lat' dir='ltr'>ad</span> <span class='ocrx_word' id='word_1_222' title='bbox 413 2625 819 2700; x_wconf 83' lang='lat' dir='ltr'>Stachylidium</span> <span class='ocrx_word' id='word_1_223' title='bbox 868 2630 1086 2690; x_wconf 85' lang='lat' dir='ltr'>allatas,</span> <span class='ocrx_word' id='word_1_224' title='bbox 1132 2635 1444 2704; x_wconf 87' lang='lat' dir='ltr'>saepissime</span> <span class='ocrx_word' id='word_1_225' title='bbox 1480 2634 1536 2685; x_wconf 91' lang='lat' dir='ltr'>in</span> <span class='ocrx_word' id='word_1_226' title='bbox 1577 2654 1701 2704; x_wconf 75' lang='lat' dir='ltr'>spo-</span> 
     </span>
     <span class='ocr_line' id='line_1_35' title="bbox 85 2693 1702 2777; baseline 0.009 -33"><span class='ocrx_word' id='word_1_227' title='bbox 85 2693 309 2755; x_wconf 84' lang='lat' dir='ltr'>ridiola‚</span> <span class='ocrx_word' id='word_1_228' title='bbox 350 2716 442 2748; x_wconf 88' lang='lat' dir='ltr'>seu</span> <span class='ocrx_word' id='word_1_229' title='bbox 464 2700 704 2768; x_wconf 86' lang='lat' dir='ltr'>sporidia</span> <span class='ocrx_word' id='word_1_230' title='bbox 729 2701 1025 2772; x_wconf 81' lang='lat' dir='ltr'>Botrytidis</span> <span class='ocrx_word' id='word_1_231' title='bbox 1055 2706 1371 2771; x_wconf 82' lang='lat' dir='ltr'>communia,</span> <span class='ocrx_word' id='word_1_232' title='bbox 1412 2707 1702 2777; x_wconf 79' lang='lat' dir='ltr'>collapsam</span> 
     </span>
     <span class='ocr_line' id='line_1_36' title="bbox 83 2764 1697 2851; baseline 0.009 -36"><span class='ocrx_word' id='word_1_233' title='bbox 83 2764 346 2828; x_wconf 81' lang='lat' dir='ltr'>vidimus,</span> <span class='ocrx_word' id='word_1_234' title='bbox 390 2780 447 2820; x_wconf 89' lang='lat' dir='ltr'>ut</span> <span class='ocrx_word' id='word_1_235' title='bbox 487 2790 684 2839; x_wconf 88' lang='lat' dir='ltr'>genere</span> <span class='ocrx_word' id='word_1_236' title='bbox 722 2791 969 2842; x_wconf 87' lang='lat' dir='ltr'>separare</span> <span class='ocrx_word' id='word_1_237' title='bbox 1020 2779 1127 2827; x_wconf 71' lang='lat' dir='ltr'>nun</span> <span class='ocrx_word' id='word_1_238' title='bbox 1169 2777 1465 2846; x_wconf 85' lang='lat' dir='ltr'>possimus;</span> <span class='ocrx_word' id='word_1_239' title='bbox 1518 2779 1697 2851; x_wconf 83' lang='lat' dir='ltr'>potius</span> 
     </span>
     <span class='ocr_line' id='line_1_37' title="bbox 85 2838 1699 2916; baseline 0.012 -30"><span class='ocrx_word' id='word_1_240' title='bbox 85 2854 206 2888; x_wconf 87' lang='lat' dir='ltr'>cum</span> <span class='ocrx_word' id='word_1_241' title='bbox 255 2838 476 2890; x_wconf 83' lang='lat' dir='ltr'>laudato</span> <span class='ocrx_word' id='word_1_242' title='bbox 539 2840 918 2911; x_wconf 88' lang='lat' dir='ltr'>Ehrenbergio</span> <span class='ocrx_word' id='word_1_243' title='bbox 964 2846 1260 2916; x_wconf 83' lang='lat' dir='ltr'>fingamus,</span> <span class='ocrx_word' id='word_1_244' title='bbox 1311 2850 1532 2903; x_wconf 86' lang='lat' dir='ltr'>eandem</span> <span class='ocrx_word' id='word_1_245' title='bbox 1585 2869 1699 2906; x_wconf 85' lang='lat' dir='ltr'>csse</span> 
     </span>
     <span class='ocr_line' id='line_1_38' title="bbox 84 2907 1699 2990; baseline 0.013 -33"><span class='ocrx_word' id='word_1_246' title='bbox 84 2907 333 2962; x_wconf 87' lang='lat' dir='ltr'>omnibus</span> <span class='ocrx_word' id='word_1_247' title='bbox 386 2911 532 2962; x_wconf 79' lang='lat' dir='ltr'>veris</span> <span class='ocrx_word' id='word_1_248' title='bbox 570 2912 943 2984; x_wconf 76' lang='lat' dir='ltr'>Botrytidibus</span> <span class='ocrx_word' id='word_1_249' title='bbox 984 2919 1474 2990; x_wconf 85' lang='lat' dir='ltr'>metamorphosin,</span> <span class='ocrx_word' id='word_1_250' title='bbox 1531 2941 1699 2990; x_wconf 80' lang='lat' dir='ltr'>aeque</span> 
     </span>
     <span class='ocr_line' id='line_1_39' title="bbox 77 2977 1727 3059; baseline 0.014 -31"><span class='ocrx_word' id='word_1_251' title='bbox 77 2977 237 3050; x_wconf 76' lang='lat' dir='ltr'>acin</span> <span class='ocrx_word' id='word_1_252' title='bbox 272 2983 582 3055; x_wconf 77' lang='lat' dir='ltr'>Aspergillo</span> <span class='ocrx_word' id='word_1_253' title='bbox 621 2997 672 3038; x_wconf 87' lang='lat' dir='ltr'>et</span> <span class='ocrx_word' id='word_1_254' title='bbox 703 2985 1071 3059; x_wconf 61' lang='lat' dir='ltr'>Stachylidio,</span> <span class='ocrx_word' id='word_1_255' title='bbox 1100 2989 1229 3043; x_wconf 89' lang='lat' dir='ltr'>hinc</span> <span class='ocrx_word' id='word_1_256' title='bbox 1266 2991 1559 3047; x_wconf 86' lang='lat' dir='ltr'>theoretice</span> <span class='ocrx_word' id='word_1_257' title='bbox 1597 3000 1727 3050; x_wconf 51' lang='grc' dir='ltr'>εὶς-Ν</span> 
     </span>
    </p>
   </div>
  </div>
 </body>
</html>
