1887 3255
732 120 1097 180 GEASTER
1665 123 1731 177 11

106 264 826 346 campestri-maritimum,
897 268 1025 318 ae're
1071 261 1402 316 humiditate
1463 275 1732 333 scatente⁴3

101 345 236 399 binc
264 345 325 397 in
350 340 559 411 Anglia
597 357 758 390 suum
792 351 1039 390 centrum
1067 335 1270 388 habere
1290 336 1583 402 videntur3
1627 339 1738 390 sal-

106 417 208 471 tim
238 433 422 468 omnes
463 411 584 486 typi
614 409 695 461 ibi
739 406 890 460 obvii
922 420 973 460 et
1016 415 1080 464 G.
1115 405 1402 477 oolfformis
1439 408 1490 460 ei
1520 408 1737 482 privus.

107 486 396 557 (Quinque
433 482 635 555 species
682 479 956 552 principes
1003 478 1186 551 pinxit
1226 479 1507 550 Sowerby.)
1604 479 1741 534 Dif-

106 557 374 613 ferentiae
393 552 829 608 fundamentales
863 552 925 604 in
959 552 1175 604 diversa
1219 552 1598 622 vegetatione,
1643 570 1742 625 pe-

107 631 253 687 ridio
275 626 557 681 „exteriori
580 637 680 677 etc.
718 624 920 689 latent3
953 623 1184 696 optimos
1225 623 1564 677 characteres
1605 627 1741 677 offe·-

108 713 241 764 runt
272 721 348 764 OS,
390 697 660 772 sporidia,
701 696 819 748 sere
856 707 908 747 et
940 695 1239 768 pedicellus
1276 695 1478 766 peridii
1508 696 1740 749 interio-

107 777 206 840 ris,
253 772 346 842 qui
402 787 585 823 tamen
631 767 891 822 sectiones
939 767 1122 820 saltim
1176 767 1375 819 offerre
1413 788 1526 821 non
1561 769 1739 823 debet.

109 844 369 915 Quinque
405 842 609 915 species
646 841 879 892 detectae
910 859 939 891 a
970 845 1227 909 qugerO,
1256 841 1503 902 Bocconi,
1535 841 1742 911 Doody,

107 923 286 987 Rayo,
322 927 374 968 et
414 914 696 976 Plumiero,
741 913 956 981 quando
995 909 1290 963 Michelius
1338 931 1509 981 genus
1564 914 1629 983 (a
1672 932 1741 985 γη

111 1003 163 1042 et
201 983 398 1061 ἄστηρ,
440 1006 554 1039 non
616 984 906 1038 Geastrum
942 1003 1014 1035 ex
1047 983 1257 1053 Mieh.)
1297 983 1581 1055 proposuit
1619 1004 1745 1038 cum

110 1060 346 1130 quinque
384 1057 689 1131 speciebus,
735 1056 962 1108 omnibus
994 1056 1152 1121 nove'S,
1194 1054 1288 1107 sed
1325 1056 1363 1106 4
1400 1067 1452 1106 et
1485 1054 1519 1108 5
1560 1056 1747 1110 varie-

108 1144 244 1186 tates
283 1143 422 1183 sunt.
464 1161 535 1170 —-
622 1127 920 1197 Sequentes
963 1126 1254 1192 Botanici,
1315 1147 1385 1180 ne
1433 1127 1501 1179 ad
1536 1127 1746 1180 intelli-

112 1204 349 1257 «rendum
383 1201 602 1272 quidem
632 1199 956 1252 Miehelium
998 1199 1144 1272 apti,
1180 1199 1275 1252 sed
1315 1200 1381 1251 ad
1425 1199 1747 1252 inemenda-

108 1246 280 1329 ssilem
320 1273 719 1326 emendandum
757 1271 1128 1344 paratissimi,
1166 1291 1280 1324 non
1325 1284 1538 1324 tantum
1571 1291 1746 1341 genus

109 1347 436 1421 rejecerunt,
464 1365 660 1398 verum
698 1362 884 1395 omnes
922 1344 1125 1416 speeies
1158 1355 1567 1409 coacervarunt,
1599 1344 1746 1395 unde

108 1417 216 1473 huc
246 1426 442 1486 ‘usque
494 1414 767 1468 mirabilis
820 1435 1258 1488 synonymorum
1328 1428 1380 1468 et
1437 1415 1745 1487 specierum

110 1488 374 1543 confusio.
449 1487 573 1539 Non
613 1486 902 1538 defuerunt
945 1487 1163 1555 quidem
1205 1486 1319 1540 viri
1351 1487 1515 1560 hujus
1550 1487 1746 1539 confu-

108 1560 279 1614 sionis
323 1558 460 1613 vitia
493 1556 882 1630 perspicientes
932 1561 1204 1626 (Hudson,
1240 1557 1481 1628 Semifer,
1527 1560 1743 1624 Bais-ch,

107 1632 344 1701 Scopolz',
382 1630 659 1695 Schreber‚
700 1634 908 1700 Bryant
948 1629 1037 1702 ’ἵξῃ
1084 1630 1257 1705 primi
1306 1650 1442 1685 vero
1484 1631 1748 1683 Schmidel

110 1716 164 1757 et
201 1709 288 1759 W
283 1702 530 1756 oodward
557 1702 721 1775 plane
761 1716 1149 1772 exposuerunt.
1205 1703 1388 1757 Genus
1414 1702 1623 1775 primus
1654 1723 1746 1755 re-

109 1775 287 1830 stituit
318 1775 554 1828 Elzrhart
587 1775 804 1845 (Beytr.
832 1779 944 1829 III.
965 1795 1024 1844 p.
1064 1776 1226 1846 168.)
1302 1774 1421 1828 Hos
1451 1774 1746 1847 praecipue
1795 1789 1798 1791 ’

110 1859 323 1902 secutus
362 1854 586 1901 Persoon
629 1847 810 1898 minus
853 1859 1026 1900 certus
1062 1848 1232 1901 fuisse
1271 1847 1490 1902 videtur
1527 1847 1591 1898 de
1630 1847 1746 1900 suis

109 1919 420 1993 speciebus,
477 1937 643 1987 quare
685 1930 735 1969 et
788 1918 855 1969 ob
898 1919 1288 1993 synonymiam
1325 1919 1547 1991 inopem
1585 1938 1747 1989 aegre

109 1992 258 2043 hunc
305 1990 591 2043 classicum
644 1991 945 2042 Auctorem
1000 1993 1270 2044 extricare
1324 1991 1496 2064 potui.
1608 1992 1748 2044 Idea.

109 2062 408 2134 specierum
439 2060 638 2114 indolis
670 2081 699 2113 e
735 2062 920 2132 paucis
951 2062 1085 2116 visis
1126 2076 1366 2136 accepta,
1408 2062 1747 2134 exemplaria

109 2133 351 2203 undique
403 2132 664 2203 colligere
719 2146 770 2184 et
822 2133 1080 2187 herbaria
1134 2137 1372 2188 lustrare
1418 2134 1616 2188 studui,
1670 2165 1746 2175 -—-

108 2205 202 2259 Ex
239 2205 426 2259 ostioli
466 2204 839 2275 effiguratione
879 2219 1133 2275 quattuor
1167 2207 1422 2261 oriuntur
1456 2206 1744 2274 sectiones,

108 2279 201 2332 sed
236 2290 287 2331 et
331 2283 393 2334 G.
424 2277 767 2347 colg'formem,
811 2278 877 2330 ob
918 2278 1254 2349 singularem
1292 2278 1614 2334 ostiolorum
1651 2298 1745 2331 co-

108 2349 288 2422 piam,
327 2361 388 2402 ut
416 2349 750 2421 peculiarem
802 2350 1094 2404 sectionem
1130 2352 1422 2424 proposui,
1464 2371 1586 2403 cum
1620 2349 1744 2403 aliis

108 2421 386 2495 peculiare
427 2441 626 2491 genus3
669 2421 798 2474 licet
853 2423 1284 2477 conformatione
1331 2423 1656 2477 ostiolorum
1691 2434 1745 2474 et

109 2493 370 2547 affinitate
395 2492 635 2545 naturali
653 2499 708 2546 G,
728 2493 936 2546 limbato
953 2496 1269 2567 proximum
1283 2495 1368 2554 sit,
1406 2495 1593 2565 Quare
1609 2513 1743 2564 qua-

111 2577 239 2618 tuor
262 2564 569 2618 recentiora
591 2584 794 2637 genera
823 2567 1178 2641 conjungam,
1218 2588 1246 2620 e
1265 2566 1549 2641 morphosi
1573 2578 1739 2640 patet.

171 2693 219 2748 *)
242 2691 381 2746 Hujus
406 2695 734 2736 dissertationem
763 2725 800 2749 ‚‚
814 2697 887 2734 An
899 2694 1335 2735 Hz‘stom'caZAccount
1355 2696 1412 2742 of
1426 2702 1504 2735 two
1526 2701 1745 2750 Lycoper-

230 2751 334 2792 (lons
352 2750 393 2775 ‘⁶
451 2755 650 2793 Norvvich
668 2783 678 2803 ,
704 2754 815 2809 (sine
848 2755 977 2808 anno)
1006 2754 1151 2793 videre
1180 2768 1264 2794 non
1293 2754 1433 2801 licuit,
1470 2768 1597 2802 quare
1633 2756 1743 2793 intra

228 2811 496 2860 parenthesin
529 2813 614 2853 fide
650 2812 953 2855 VVoodwardii
985 2819 1140 2851 tantum
1174 2813 1311 2852 citavi.
1395 2812 1433 2849 E
1474 2813 1743 2863 diagnosibus

228 2881 331 2908 vero
361 2871 495 2917 palam
518 2879 581 2910 est
603 2876 658 2915 L.
680 2871 892 2911 stellatum
921 2872 997 2913 ΒΥ,
1024 2872 1183 2920 species
1211 2872 1359 2911 ostiolo
1380 2868 1618 2926 effigurato,
1646 2884 1741 2910 cor-

222 2927 309 2972 tice
326 2927 479 2976 peridii
510 2930 728 2969 exterioris
758 2929 1032 2979 filamentoso,
1060 2933 1115 2974 L.
1151 2930 1366 2971 stellatum
1394 2931 1554 2977 species
1584 2929 1742 2970 ostiolo

229 2985 385 3025 rimoso
402 2995 610 3029 crustaceo
641 2988 792 3028 cortice
824 2987 1058 3036 complecti.
1092 3011 1137 3021 --
1193 2990 1283 3028 Nec
1320 2989 1437 3027 adest
1481 2987 1619 3045 Mylii
1651 2987 1740 3028 dis-

233 3043 399 3086 sertatio
427 3044 474 3087 in
498 3046 654 3093 Hamb,
682 3049 867 3100 Magaz.
903 3049 960 3086 V.
