1887 3255
720 102 1007 157 DIDYMI
1015 103 1126 158 ΠΜ
1629 111 1731 163 113

89 248 182 305 29.
249 250 321 302 D.
353 246 660 312 muscicola,
697 245 900 305 sessile,
936 247 1261 308 flexuosum,
1298 245 1510 313 pei-idio
1546 262 1728 303 exter-

234 338 307 371 no
329 318 526 385 griseo,
541 317 771 375 &interno
800 317 1146 376 suscescente,
1182 314 1362 366 floccis
1394 315 1577 378 fuscis,
1603 340 1726 392 spo-

235 389 395 442 ridiis
428 389 575 441 atris.
658 387 818 440 Link.
852 387 972 457 diss.
1019 390 1065 437 l.
1109 406 1167 453 p.
1207 386 1296 438 26.

269 458 578 514 Columella
609 460 782 519 deest,
824 477 895 509 ex
934 458 1077 509 char.
1120 457 1371 526 generico
1411 458 1450 511 l.
1499 479 1543 510 c.
1619 461 1726 513 Af-

92 535 204 588 fine
240 532 440 585 dicitur
476 537 549 585 D.
597 529 837 600 difformi
863 529 937 583 A.
974 527 1034 581 S.
1077 542 1130 580 at
1168 547 1199 579 a
1244 540 1430 581 nostro
1472 535 1543 585 D.
1603 551 1727 600 cya-

94 614 330 658 nescente
376 603 506 655 satis
542 601 828 671 discrepat.
904 599 1327 670 „Longitudine
1369 600 1406 651 2
1435 633 1504 641 —
1540 602 1576 654 3
1629 603 1727 658 lin.

96 677 290 740 altum,
314 677 522 728 Muscas
551 673 727 725 ambit.
748 681 783 705 “

267 818 433 874 XIX.
510 813 943 874 DIDYMIUM„
989 812 1027 866 S
1046 813 1123 865 ch
1136 832 1166 864 r
1185 830 1212 863 a
1229 812 1276 862 d.
1325 833 1352 864 e
1370 835 1409 866 x
1453 835 1479 867 e
1497 836 1567 868 m.

159 909 405 961 synonyma
415 906 513 945 vide
526 906 602 942 suh
614 902 868 946 Didermate,
881 924 936 931 ——
957 900 1149 952 Physarii
1160 901 1318 949 species
1331 905 1447 948 Pers,
1461 919 1549 959 syn.
1557 919 1605 957 p,
1628 905 1727 953 168,

269 975 501 1031 CHAR.
577 972 866 1024 Peridium
894 973 1396 1033 membranaceum,
1438 986 1612 1040 tenue,
1647 976 1726 1028 ir-

96 1048 429 1121 regulariter
477 1044 757 1097 dehiscens
809 1054 901 1094 aut
945 1042 1227 1109 fatiscenS,
1277 1056 1474 1096 tectum
1530 1047 1726 1098 cortice

98 1121 342 1194 (peridio
381 1130 627 1178 externo,
660 1135 773 1167 non
811 1113 1068 1184 discreto)
1106 1115 1301 1166 adnato
1335 1114 1394 1166 in
1417 1119 1725 1184 squamulas

96 1194 438 1245 furfuraceas
489 1200 580 1240 aut
629 1187 830 1240 villum
884 1185 1191 1239 sarinosum
1247 1205 1380 1237 mox
1428 1187 1727 1242 fatiscente.

95 1265 278 1318 Flocci
313 1262 460 1333 vagi,
498 1258 712 1332 peridio
753 1257 952 1316 adnati,
991 1257 1136 1308 inter
1161 1257 1407 1327 Vsporidia
1436 1273 1726 1330 serpentes,

95 1335 543 1389 Subdeterminata
560 1368 576 1396 ,
643 1331 810 1381 colore
875 1328 991 1380 albo
1015 1358 1038 1368 -
1057 1329 1403 1380 cinerascente
1417 1366 1432 1389 ,
1490 1331 1730 1398 sporidiis

79 1403 579 1478 fuliginoso-atri&
645 1402 914 1454 Columella
947 1400 1146 1466 saepius
1186 1418 1446 1466 praesens,

243 1470 694 1529 MORPHOSlS
725 1470 1093 1542 praecedentis
1133 1470 1381 1539 generis,
1425 1470 1509 1522 cui
1553 1471 1728 1524 eidem

98 1549 411 1621 proximum
451 1541 740 1615 affinitate;
778 1561 973 1598 verum
1005 1541 1250 1592 omnium
1280 1561 1538 1610 generum
1573 1543 1732 1594 facil-

95 1621 230 1674 lime
262 1618 576 1671 distinctum
611 1614 678 1665 ob
717 1611 1056 1683 superficiem
1107 1612 1475 1663 furfuraceam
1512 1626 1603 1664 aut
1637 1614 1732 1665 sa-

96 1693 359 1751 rinosam,
401 1698 581 1740 ortam
614 1704 646 1736 a
681 1685 878 1736 cortice
907 1702 1041 1735 mox
1078 1683 1376 1738 fatiscente.
1442 1683 1610 1736 Gleba
1643 1685 1731 1737 in-

96 1763 270 1817 terior
308 1763 370 1815 in
404 1760 510 1812 hoc
546 1776 743 1827 genere
785 1774 1081 1824 numquam
1132 1773 1162 1805 a
1208 1755 1420 1827 peridio
1470 1754 1728 1822 discedit3

96 1834 253 1888 flocci
275 1833 454 1905 potius
482 1828 694 1902 peridio
728 1826 968 1896 undique
1004 1825 1205 1880 adnati.
1244 1859 1314 1865 -—
1348 1825 1582 1879 Habitus
1612 1847 1732 1878 ma-

99 1907 184 1978 gis
233 1903 458 1976 Physari
504 1902 570 1952 ob
623 1898 898 1970 peridium
936 1910 1224 1949 externum
1263 1917 1376 1949 non
1422 1898 1731 1960 discretum,

99 1979 193 2030 sed
228 1976 426 2029 cortice
460 1971 735 2024 farinaceo
762 1969 1080 2040 saepiusque
1122 1968 1407 2019 columella
1450 1982 1734 2039 praesente

98 2069 197 2102 seu
236 2049 427 2101 eodem
462 2043 624 2096 modo
665 2061 726 2093 ac
759 2039 1080 2094 Aethalium
1115 2059 1146 2091 a
1182 2038 1544 2102 Reticularia,
1584 2053 1730 2094 certo

100 2119 455 2191 dignoscitur.

274 2183 662 2243 HISTORIA
699 2181 1056 2254 vegetationis
1089 2201 1299 2252 quoque
1330 2183 1514 2235 eadem
1563 2202 1625 2236 ac
1670 2185 1733 2237 in

98 2261 422 2315 Didermate
461 2271 511 2311 et
536 2257 624 2309 Ph
667 2275 805 2308 saro.
843 2287 912 2296 -—
949 2253 1146 2307 Notata
1183 2266 1263 2307 est
1314 2254 1476 2328 hujus
1515 2257 1732 2324 generis

101 2333 306 2407 species
345 2331 486 2403 apud
510 2277 833 2381 Miclyielium
861 2325 1144 2396 (Mucilag.
1170 2324 1220 2377 5.
1252 2336 1288 2377 t.
1319 2325 1407 2378 96.
1444 2325 1491 2393 f.
1524 2326 1608 2398 5),
1639 2328 1731 2380 sed

100 2425 214 2458 non
244 2417 355 2457 tute
387 2399 815 2455 determinanda.
890 2395 1145 2449 Ceterum
1170 2397 1236 2448 ad
1268 2398 1568 2450 recentiora
1596 2411 1732 2451 tem-

100 2494 461 2548 pora2paene
511 2473 757 2542 neglecta
807 2481 945 2525 sunt.
1035 2465 1150 2522 Cel.
1205 2469 1488 2530 Schrader,
1546 2483 1732 2521 auctor

101 2547 320 2618 generis
345 2544 620 2619 Didymi,
648 2543 745 2595 sub
772 2542 875 2594 hoc
905 2539 1280 2611 complectitur
1307 2559 1490 2592 omnes
1528 2539 1730 2613 Myxo-

100 2630 310 2689 gastres
351 2616 642 2670 columella
675 2614 982 2676 instructos,
1030 2611 1268 2679 adeoque
1312 2622 1364 2662 et
1406 2611 1730 2663 Didermata

100 2689 362 2762 plurima.
439 2687 550 2741 Nos
599 2685 848 2738 habitum
890 2695 942 2735 et
991 2681 1192 2754 peridii
1227 2682 1469 2734 indolem
1504 2683 1730 2754 respici-

102 2773 252 2814 entes
287 2761 396 2812 huc
431 2777 618 2811 omnes
655 2757 966 2830 Physareos
1001 2764 1158 2805 extus
1194 2753 1532 2805 furfuraceos
1580 2765 1731 2805 retu-

99 2831 283 2885 limus.
317 2830 624 2885 Columella
656 2841 748 2881 aut
767 2827 880 2901 ejus
909 2824 1214 2878 rudimento
1241 2824 1453 2894 saepius
1477 2825 1728 2893 gaudent,

101 2904 194 2956 sed
221 2912 333 2956 tam
369 2902 429 2954 in
465 2901 629 2976 hujus
668 2918 830 2971 quam
865 2896 1068 2970 prioris
1111 2895 1259 2947 tribu
1301 2896 1596 2965 botryoidea
1632 2897 1729 2949 sti-

99 2992 195 3047 pes
214 2976 281 3028 ob
297 2977 485 3037 laxam
501 2985 775 3026 texturam
795 2970 855 3022 in
872 2967 1220 3021 columellam
1233 2986 1514 3038 assurgere
1528 2968 1727 3037 nequit.

109 3144 163 3190 P.
184 3146 271 3192 111.
289 3146 399 3192 Sect.
440 3153 482 3199 1.
1369 3121 1428 3178 H
