1887 3255
209 106 318 163 338

211 261 315 318 est,
353 248 523 302 donec
545 266 733 302 omnes
768 247 966 320 fungos
998 248 1061 302 in
1084 248 1409 322 specialibus
1458 254 1832 312 tractaverim.

211 319 352 375 Cum
379 340 515 375 vero
557 320 702 372 inter
734 317 1051 376 Dematieos
1091 333 1145 375 et
1172 321 1522 376 Mucedineos
1567 344 1691 378 cum
1728 325 1832 382 Se-

207 391 485 467 pedonieis
535 389 773 462 sporidia
824 392 941 443 sola
988 392 1105 446 fere
1162 393 1496 447 characteres
1548 398 1830 465 genericos

205 465 469 531 offerant,
520 463 796 515 diversam
845 481 1025 516 eorum
1079 464 1344 518 rationem
1383 467 1619 537 practico
1667 469 1829 523 modo

205 548 398 589 notare
437 552 654 587 necesse
680 544 759 587 est
770 554 787 600 3
821 552 948 587 nam
985 536 1313 590 characteres
1351 537 1594 608 generici
1633 558 1661 591 e
1694 540 1827 592 floc-

207 607 284 660 cis
313 605 504 658 erectis
545 617 594 657 et
627 605 1065 661 decumbentibus
1110 608 1515 677 erroneiaesunt3
1556 610 1828 682 simplices

205 678 363 732 flocci
407 689 459 730 et
507 676 665 730 vario
719 678 875 731 modo
923 679 1126 732 ramosi
1176 681 1242 733 ad
1296 699 1496 750 genera
1541 681 1829 735 limitanda

204 749 352 802 haud
389 748 576 801 idonei
605 761 749 806 sunt.
822 751 1042 813 Infima,
1073 770 1127 807 v.
1169 771 1212 805 c.
1259 752 1559 819 Gliotrichi,
1602 758 1827 822 Sporem

205 821 517 887 donematis3
549 820 793 893 sporidia
823 821 891 873 ad
923 821 1142 892 gonidia
1175 842 1343 895 prope
1373 824 1662 890 accedunt,
1696 825 1828 877 floc-

204 894 283 946 cis
335 902 469 946 vero
517 892 726 945 inclusa
762 906 854 945 aut
895 894 1240 964 adglutinata.
1314 898 1378 959 In
1424 895 1696 966 proximis
1730 915 1825 966 ge-

204 963 456 1026 neribUS,
493 965 854 1033 Macrosporio
886 977 940 1017 et
977 966 1276 1033 Bactridio,
1324 965 1480 1018 flocci
1528 965 1681 1039 apice
1734 967 1823 1019 in-

204 1048 511 1089 tumescunt
555 1035 614 1087 in
661 1037 930 1107 carpella,
993 1055 1140 1106 quae
1186 1056 1320 1091 vero
1368 1036 1529 1098 etiam
1581 1037 1824 1109 sporidia

204 1108 487 1174 dicuntur,
540 1126 664 1159 cum
721 1108 951 1160 discreta
1006 1107 1304 1180 sporidiola
1353 1126 1465 1160 non
1519 1107 1820 1176 includant,

199 1199 264 1234 re
299 1179 417 1249 ipsa
447 1192 628 1229 tamen
667 1180 895 1249 analoga
929 1192 1054 1231 sunt
1087 1179 1330 1250 apicibus
1364 1180 1654 1232 floccorum
1687 1182 1823 1251 Spo-

199 1250 607 1305 rendonematis
694 1250 1016 1317 immutatis,
1095 1251 1337 1321 sporidia
1404 1245 1820 1304 includentibus,

199 1320 344 1378 Sunt
388 1321 571 1390 itaque
605 1320 740 1373 haec
779 1320 1020 1393 primum
1055 1322 1491 1392 experimentum
1541 1321 1608 1374 ad
1644 1321 1821 1394 spori-

199 1395 291 1448 dia
326 1392 508 1445 altiori
554 1392 1047 1464 metamorphoseos
1091 1393 1266 1461 gradu
1309 1392 1630 1462 formanda,
1679 1393 1820 1462 quod

198 1465 328 1519 dein
361 1464 424 1517 in
469 1463 795 1531 Gladosporio
834 1476 884 1515 et
910 1464 1061 1517 oidio
1095 1463 1319 1516 liberius
1355 1464 1657 1531 evolvitur,
1700 1464 1818 1535 api-

199 1538 350 1590 cibus
399 1535 670 1604 ramisque
713 1533 774 1586 in
825 1534 1066 1606 sporidia
1123 1534 1352 1587 discreta
1408 1536 1817 1590 collabentibus,

197 1607 525 1663 Praecocius
559 1617 637 1673 et,
673 1616 733 1656 ut
771 1618 1017 1676 apparet,
1053 1604 1162 1678 jam
1183 1606 1438 1678 primitus
1472 1607 1659 1658 eadem
1696 1626 1818 1677 spo-

198 1680 344 1734 ridia
385 1678 614 1730 discreta
666 1688 792 1729 sunt
833 1677 895 1730 in
942 1676 1183 1729 Demetio
1232 1689 1283 1729 et
1330 1676 1659 1746 Sporotricko
1671 1697 1687 1742 3
1756 1677 1818 1728 in

206 1748 565 1805 Trickothecz'o
604 1759 656 1800 et
695 1748 1049 1817 Polythrirzcio
1089 1747 1410 1800 bilocularia
1445 1748 1743 1818 persistunt
1790 1767 1817 1799 e

201 1822 409 1875 duobus
450 1819 675 1873 coalitis,
744 1822 808 1871 In
839 1819 1310 1886 Helmintkosporio
1347 1830 1397 1869 et
1426 1819 1670 1888 Dactylio
1693 1837 1818 1890 spo-

197 1893 469 1947 ri'diorum
526 1891 948 1961 compositorum
1001 1889 1191 1961 incipit
1243 1889 1435 1956 series,
1483 1890 1713 1942 ramulis
1755 1889 1814 1941 in

199 1964 439 2034 carpella
481 1964 726 2022 mutatis,
781 1972 853 2013 at
883 1960 1127 2032 sporidia
1196 1961 1413 2013 interna
1460 1971 1572 2012 tam
1622 1979 1814 2033 parum

199 2037 422 2090 evoluta
453 2045 603 2094 sunt,
645 2047 705 2084 ut
743 2033 916 2085 adhuc
950 2033 1070 2103 ipsa
1101 2032 1339 2103 sporidia
1387 2032 1621 2103 practice
1668 2031 1814 2098 dica-

195 2127 333 2162 mus.
408 2108 546 2158 Sunt
576 2104 794 2157 altiores
838 2103 1558 2171 evolutiones-Macrosporii
1613 2114 1664 2154 et
1699 2108 1814 2155 Ba-

196 2177 394 2233 ctridz'i.
455 2175 709 2247 Sporidia
728 2176 785 2227 in
806 2174 980 2227 citatis
1000 2174 1287 2245 generibus
1313 2187 1518 2245 septata
1544 2186 1685 2240 sunt,
1715 2192 1814 2223 nec

198 2248 545 2306 dehiscentia,
569 2267 667 2299 nec
687 2248 747 2299 in
770 2247 874 2299 aiia
899 2246 1136 2319 sporidia
1156 2245 1503 2309 collabenti-213
1540 2244 1667 2295 hinc
1704 2255 1814 2295 tota

196 2335 254 2374 ut
298 2319 569 2390 simplicia
615 2318 852 2388 sporidia
897 2317 1317 2371 considerantur.
1408 2319 1474 2366 In
1508 2315 1815 2382 Helicospo-

196 2394 276 2448 rio
301 2410 434 2445 vero
478 2403 528 2442 et
572 2391 801 2442 Monilia
850 2390 908 2442 in
942 2392 1135 2442 floccos
1161 2390 1531 2457 elongantur,
1581 2399 1813 2455 quorum

197 2475 347 2535 septa
396 2462 456 2513 in
497 2461 736 2532 sporidia
787 2462 1071 2526 secedunt3
1139 2459 1265 2511 hinc
1314 2457 1566 2510 oriuntur
1614 2455 1675 2527 in
1721 2456 1809 2508 his

196 2533 442 2606 sporidia
487 2532 783 2603 simplicia,
845 2534 1033 2584 eodem
1079 2531 1239 2584 modo
1287 2548 1348 2580 ac
1391 2528 1451 2580 in
1488 2527 1812 2595 Gladosporz'o

198 2619 251 2658 et
294 2605 472 2668 Oidi05
507 2623 566 2655 re
600 2604 720 2674 ipsa
754 2615 935 2655 tamen
969 2603 1242 2673 singulum
1273 2597 1577 2672 sporidium
1611 2597 1672 2650 in
1691 2597 1811 2649 Da-

199 2677 369 2750 ctylio
429 2675 719 2744 respondet
777 2675 1146 2746 sporidiorum
1191 2683 1403 2724 catenae
1446 2670 1508 2723 in
1554 2668 1806 2731 Monilia,

196 2749 258 2801 in
294 2748 394 2799 hac
433 2747 592 2797 modo
629 2744 801 2815 magis
842 2746 1160 2818 explicatae.

342 2821 406 2868 In
460 2817 801 2886 Myxotricho
845 2830 895 2868 et
945 2815 1210 2886 Boirytide
1262 2810 1472 2881 globuli
1522 2808 1810 2880 gelatinosi

199 2887 578 2960 primordiales
628 2888 858 2939 eundem
883 2888 1080 2940 sistunt
1117 2883 1441 2938 evolationis
1477 2879 1707 2950 gradum
1749 2897 1810 2930 ac

200 2958 438 3032 sporidia
475 2957 747 3030 Dactylii,
798 2959 890 3013 sed
947 2959 1007 3012 in
1053 2955 1292 3030 sporidia
1337 2954 1569 3007 discreta
1614 2950 1812 3003 abeunt
