1887 3255
612 124 1185 202 amiternum.
1614 129 1724 184 815

91 270 293 347 plica,
326 289 519 344 paucas
556 271 728 325 lineas
759 270 881 333 alti,
918 269 1199 344 pellucidi3·
1224 269 1394 323 albidi
1406 290 1423 339 3
1460 272 1531 325 ob
1567 292 1716 328 sum-

92 363 240 398 mam
280 363 470 398 eorum
511 343 818 398 tenuitatem
857 343 1185 414 peridiol'um
1224 341 1397 414 ipsius
1447 346 1718 414 gravitate

88 417 393 488 pendulum
441 418 518 472 fit.
606 413 668 469 Si
711 433 876 486 porro
936 428 1126 486 sponte
1173 414 1510 487 explicatur,
1566 418 1718 470 flocci

93 490 442 555 flaccescunt,
477 489 591 540 fere
619 499 968 546 evanescunt,
1022 487 1113 538 sed
1150 486 1353 556 globuli
1400 488 1620 540 minimi
1659 501 1719 541 ut

56 553 151 612 ‘in
197 561 370 632 priori
419 559 728 629 persistunt.
817 562 882 622 ,In
932 558 1162 625 stipulis,
1213 559 1390 610 culmis
1432 560 1719 627 granu'neis

90 642 186 684 etc.
214 632 497 701 praecipue
539 631 593 680 in
623 629 988 698 sterquiliniis,
1030 641 1270 681 autumno
1302 631 1501 685 seriori.
1540 633 1717 702 (v.v.)

88 715 141 771 4.
234 722 308 771 H.
357 716 662 775 Μασενᾶαε,
702 715 881 766 floccis
910 713 1113 784 sparsis
1154 714 1494 784 simplicibus
1522 716 1717 770 abbre-

232 788 391 842 viatis
428 787 598 853 albis,
644 784 946 858 peridiolis.
969 785 1315 839 subrotundis
1345 786 1716 858 inaequalibus

236 878 463 912 carmus.

145 945 333 987 clavaria
364 947 617 986 Mucerdae.
682 942 892 988 Selium!
921 946 1055 985 Saell.
1084 945 1127 991 2,
1155 960 1206 999 p.
1243 945 1344 993 408,
1395 947 1588 988 Stilbum.
1640 947 1715 993 ΓΖ.

145 1001 152 1017 ¹
203 1006 317 1043 Dan.
347 1011 378 1046 t.
419 1003 612 1053 1852f.
644 1004 688 1047 3.
746 1005 923 1042 Stilbum
949 1002 1128 1056 lejopus.
1182 1006 1370 1052 Ehrenb.
1416 1008 1517 1052 Ber.
1553 1021 1603 1060 p.
1642 1008 1714 1050 24.

205 1067 326 1106 Pers.
356 1064 475 1117 Myc.
508 1065 617 1103 Eur.
647 1076 696 1114 p.
729 1064 829 1105 355.
857 1075 941 1102 non
964 1066 1111 1108 obstat.

231 1130 382 1182 Haec
417 1151 537 1182 cum
581 1130 926 1199 sequentibus
965 1131 1242 1201 morphosi
1284 1132 1466 1186 minus
1508 1135 1719 1204 praeci-

79 1201 231 1272 pite,
276 1203 459 1254 floccis
519 1201 700 1253 minus
753 1202 1034 1268 fugacibus
1082 1203 1336 1257 brevibus
1380 1205 1565 1272 (73-—1
1617 1207 1716 1262 lin.

83 1274 259 1342 long.)
296 1272 532 1325 firmulis
572 1275 635 1323 ad
676 1273 988 1326 Pilobulum
1024 1287 1074 1326 et
1110 1274 1349 1335 Stilbum
1385 1276 1579 1330 habitu
1624 1279 1718 1331 de-

90 1346 340 1411 flectunt,
381 1345 472 1396 sed
512 1344 716 1415 stipites
757 1365 784 1397 e
827 1345 1231 1416 simplicissima
1268 1349 1585 1402 membrana
1629 1363 1718 1402 tu-

89 1415 293 1477 bulosi,
350 1416 450 1469 vix
507 1417 732 1487 septati,
787 1416 916 1469 hinc
962 1419 1115 1470 flocci
1181 1419 1414 1473 dicendi.
1490 1421 1719 1475 Pilobo-

89 1487 268 1540 lorum
309 1507 515 1557 quoque
554 1499 604 1539 et
651 1487 936 1540 Mucorum
984 1510 1137 1542 more
1180 1491 1468 1544 manifeste
1513 1493 1718 1546 sensim

90 1560 440 1627 elongantur,
485 1559 620 1627 quod
667 1579 779 1610 non
817 1560 1005 1625 Stilbi3
1055 1573 1291 1613 ceterum
1340 1562 1719 1630 primordiales

86 1629 250 1700 hujus
302 1643 352 1681 et
402 1630 649 1700 priorum
694 1642 776 1682 sat
826 1631 1067 1683 similes.⁷
1138 1631 1480 1686 Peridiolum
1536 1637 1716 1707 primo

88 1701 410 1772 limpidum,
446 1702 572 1753 dein
610 1702 923 1770 turbidum,
977 1703 1195 1756 tandem
1241 1705 1555 1759 induratum
1596 1710 1720 1776 (nec

88 1774 370 1838 fatiscens,
409 1773 534 1825 hinc
564 1793 675 1826 non
704 1772 920 1836 Stilbis,
955 1775 1047 1828 sed
1081 1773 1357 1830 Clavariis
1396 1778 1718 1833 adnumerat

87 1846 484 1910 Schamaclzer)3
529 1865 597 1897 an
634 1847 854 1899 ulterius
879 1860 1120 1898 mutetur
1162 1848 1496 1919 ignoramus,
1582 1857 1715 1905 Gre-

84 1917 254 1982 gatz'm
291 1917 494 1968 obducit
520 1916 724 1980 fimum,
767 1918 923 1969 etiam
961 1919 1222 1988 equinum,
1273 1933 1615 1975 emaceratum
1659 1924 1716 1975 in

81 1989 369 2055 paludosis,
406 2000 675 2055 autumno,
707 2008 847 2043 raro,
890 1991 966 2054 (v.
1010 1992 1091 2060 v.)

121 2072 158 2107 ἦε
223 2077 300 2125 H.
338 2074 553 2140 equina,
592 2073 989 2142 minutissima,
1054 2075 1376 2148 piliformis,
1421 2080 1710 2150 pellucida‚

229 2144 516 2214 peridiolis
575 2146 925 2200 subovalibus
980 2166 1050 2199 ex
1099 2148 1279 2201 albido
1327 2150 1710 2214 sublateritiiS‚

232 2217 451 2268 demum
491 2217 741 2270 turbidis.
798 2241 807 2257 κ

143 2303 321 2344 Stilbum
350 2305 562 2353 equinum.
617 2310 738 2349 Pers.
772 2309 892 2360 Myc.
921 2310 1028 2348 Eur.
1061 2309 1162 2359 Lp.
1190 2307 1293 2350 353.
1328 2320 1384 2346 ex
1417 2307 1537 2358 quo?
1573 2310 1709 2351 Asco-

198 2364 330 2412 phora
361 2365 553 2408 Stilbum,
621 2364 724 2409 Tod.
759 2365 914 2408 Meckl,
959 2369 999 2409 1,
1037 2379 1086 2417 p.
1127 2364 1193 2409 14.
1237 2374 1264 2406 t.
1299 2368 1342 2405 3.
1382 2368 1432 2417 f,
1464 2367 1536 2413 24.
1587 2371 1708 2419 (Hy-

198 2423 431 2469 drophorae
460 2435 590 2472 genus
619 2431 705 2461 tum
727 2427 912 2463 nondum
940 2425 1216 2477 distinxerat,
1257 2425 1464 2474 simulque
1501 2435 1547 2465 ut
1571 2428 1709 2483 magis

198 2482 385 2590 ἓιὲιιιέιςφ
430 2484 692 2522 observatum
730 2485 782 2521 ab
821 2483 1024 2523 Auctoris
1051 2485 1104 2522 de
1130 2484 1412 2534 Hydrophora
1452 2486 1547 2525 idea
1589 2497 1707 2524 rece-

231 2604 491 2674 Sequenti
524 2627 593 2659 ex
626 2611 856 2662 Auctore
898 2608 1177 2679 proxima3
1233 2629 1355 2662 cum
1407 2608 1525 2680 ipsa
1571 2607 1706 2658 mihi

84 2676 153 2730 sit
181 2677 370 2748 ignota
397 2690 447 2728 et
485 2679 684 2731 coloris
718 2680 1105 2734 mutationibus
1136 2680 1358 2734 incertis
1390 2693 1449 2731 ut
1485 2691 1706 2732 autono-

83 2768 231 2803 mam
270 2748 503 2821 speciem
541 2770 653 2803 non
683 2771 945 2823 propono.

84 2832 139 2891 5.
222 2839 299 2889 H.
335 2834 562 2898 murina,
599 2836 780 2888 floccis
805 2838 1008 2907 sparsis
1035 2839 1201 2892 curtis
1220 2836 1558 2908 simplicibus
1580 2855 1706 2906 per-

226 2905 736 2988 sistentibus-albis,
774 2909 1055 2981 peridiolis
1093 2909 1390 2985 sphaericis
1416 2909 1574 2961 luteis
1612 2908 1705 2958 de-

224 2998 374 3031 mum
413 2997 604 3049 opimis.
