1887 3255
558 88 1199 174 SPoROTfflcHUM.
1586 119 1695 170 429

219 255 547 331 „Gaespites
578 258 780 311 format
815 258 918 311 late
969 260 1165 312 effusos
1210 257 1278 311 ad
1320 257 1504 330 plures
1537 260 1698 330 polli-

82 347 169 384 ces
224 349 517 404 expansos,
575 330 640 382 ad
700 329 796 383 lin.
846 350 1080 396 craSSOS,
1136 330 1314 383 colore
1359 330 1698 401 persistente.

83 402 302 456 Siccum
350 401 667 456 difficillime
719 419 751 453 a
788 405 888 469 Sp.
931 402 1234 454 aurantiaco
1281 401 1699 471 distinguitur.“

81 473 256 530 Link.
325 474 459 527 Vidi
490 473 734 543 quidem,
774 473 866 524 sed
905 472 1050 525 inter
1088 474 1246 526 varia
1282 473 1463 525 affinia
1489 472 1596 525 rite
1629 473 1701 525 li-

84 546 283 599 mitare
316 565 424 598 non
465 542 633 618 potui.
699 547 768 595 In
806 545 1033 597 caulibus
1054 546 1374 612 'plantarum
1421 545 1705 613 praecipue

92 617 541 688 Umbellfferarum
560 614 831 684 siccarum,
865 617 1232 686 corticibusque
1253 617 1504 670 arborum.
1533 615 1707 671 Link.

88 692 170 758 (v.
205 694 288 759 v.)

90 786 177 839 12.
237 788 292 837 S.
326 778 607 851 flavio-ane,
638 780 817 834 floccis
849 801 987 851 vage
1023 784 1255 836 ramosis
1290 799 1465 841 erecto
1485 817 1520 826 -
1541 786 1706 848 intri-

89 855 222 910 catis
255 850 611 924 sporidiisque
644 853 880 922 globosis
905 855 1302 908 flavicantibus.

150 938 335 990 Botrytis
368 937 583 983 flavicans,
645 937 786 978 Lz'nk!
827 943 950 992 Spec,
987 943 1030 985 2,
1069 955 1119 993 p.
1151 943 1224 985 36.
1276 943 1327 988 Β.
1357 944 1525 986 flavida.
1568 948 1709 993 Man.

208 998 308 1039 Erl.
334 1010 382 1049 p.
410 996 513 1044 343,
566 994 810 1049 (Aeladium
841 1000 1195 1049 microspermum.
1221 997 1390 1055 Li‘nk'Z)

231 1066 496 1129 Effusum,
531 1068 928 1137 tenuissimum,
962 1083 1166 1123 statura
1192 1078 1246 1124 S.
1272 1072 1516 1138 olivacei‚·
1542 1073 1712 1126 Aela-

95 1139 200 1194 diis
231 1138 386 1192 Link
429 1150 480 1190 et
525 1137 898 1212 Sporotrichis
928 1141 1182 1215 >ejusdem
1229 1163 1398 1215 prope
1438 1146 1710 1206 accedens,

93 1213 283 1281 fugax.
366 1207 533 1263 Color
608 1213 901 1265 floccorum
954 1215 1238 1290 juniorum
1297 1215 1553 1274 albicans.
1628 1219 1720 1271 Ad

94 1302 264 1338 ramos
294 1280 534 1350 dejectos,
577 1283 657 1353 (v.
692 1287 764 1356 s.)

99 1387 186 1441 13.
242 1387 297 1436 S.
353 1400 704 1451 conspersum,
746 1384 926 1437 floccis
970 1384 1163 1438 erectis
1206 1385 1641 1459 subsimph'cibus
1689 1408 1718 1441 e

237 1454 383 1505 luteo
422 1453 588 1520 albis,
620 1456 876 1527 sporidiis
912 1456 1158 1511 ovalibus
1179 1457 1309 1509 hinc
1344 1458 1473 1513 inde
1499 1461 1720 1533 adsper-

238 1526 312 1576 sis
343 1524 560 1577 albidis.

155 1614 384 1656 Aeladium
413 1625 695 1662 conspersum.
734 1609 870 1652 Lt‘nk!
900 1611 999 1658 obs.
1028 1615 1072 1656 1.
1095 1627 1147 1666 p.
1179 1615 1224 1656 9.
1245 1615 1293 1666 f.
1328 1615 1400 1659 13.
1466 1618 1578 1656 Nees
1606 1621 1722 1672 Syst,

214 1687 262 1726 p,
296 1671 370 1717 54,
390 1672 440 1723 s,
468 1672 541 1717 50.
571 1676 692 1715 Pers.
721 1672 842 1725 Myc.
878 1673 922 1716 1.
946 1684 997 1723 p.
1026 1670 1097 1711 28.
1130 1674 1326 1717 Desmaz.
1358 1688 1446 1719 exs.
1475 1688 1520 1713 n.
1547 1674 1652 1722 401.

248 1742 563 1809 Temenum,
622 1740 1130 1802 indeterminatum,
1194 1745 1504 1815 „caespites
1566 1745 1726 1797 initio

105 1814 300 1867 format
337 1832 560 1885 parvos,
596 1825 713 1865 tum
741 1812 852 1864 late
875 1830 1156 1883 expansos,
1176 1822 1208 1846 “
1271 1814 1483 1868 Habitu
1505 1817 1580 1868 ita
1604 1836 1728 1868 cum

108 1884 553 1957 praecedentibus
585 1883 840 1937 convenit
872 1882 1234 1954 sporidiisque
1271 1905 1408 1958 vage
1458 1887 1728 1960 adspersis

109 1977 232 2009 cum
265 1977 315 2008 n.
352 1958 404 2010 7.
447 1968 498 2008 et
535 1956 600 2021 8,
647 1965 707 2006 ut
758 1973 871 2005 non
918 1955 1190 2025 potuerim
1227 1976 1339 2010 non
1385 1959 1452 2011 ad
1490 1959 1593 2012 hoc
1634 1979 1729 2030 ge-

109 2048 213 2080 nus
238 2027 474 2081 xreferre.
538 2027 630 2080 Ad
659 2037 864 2078 truncos
893 2036 1259 2094 putrescentes,
1293 2031 1371 2100 (v.
1407 2031 1485 2101 v.)

112 2127 199 2181 14.
259 2131 316 2180 S.
351 2125 580 2191 densum,
620 2123 801 2177 floccis
839 2123 900 2175 in
924 2124 1277 2197 caespitulum
1294 2129 1579 2198 globosum
1601 2150 1732 2183 con·-

257 2196 495 2320 dffiisatis
533 2195 742 2267 virgate
784 2195 1016 2249 ramosis
1072 2198 1437 2271 sporidiisque
1491 2203 1736 2257 ovalibus

257 2287 288 2320 a
349 2287 414 2321 is,

174 2355 474 2397 Trichoderma
510 2356 746 2402 candidum.
816 2356 926 2401 Alb.
964 2364 1006 2396 et
1046 2354 1250 2398 Schmin.
1286 2370 1335 2410 p.
1386 2358 1487 2406 1373
1548 2359 1737 2413 Botryfis

230 2418 375 2461 densa,
405 2414 621 2460 .Dittm‚!
667 2413 784 2468 apud
819 2418 977 2459 Sturm.
1019 2416 1234 2461 Deutsclzl.
1279 2416 1350 2456 ΓΖ.
1385 2420 1480 2461 III.
1525 2416 1570 2462 4.
1602 2428 1634 2465 t,
1662 2420 1735 2463 52.

232 2473 344 2512 Link
388 2476 511 2526 Spec.
551 2478 593 2518 1.
633 2489 680 2526 p.
712 2472 784 2517 542
832 2474 938 2524 (non
974 2477 1052 2527 Sp.
1093 2474 1259 2521 demum
1287 2474 1431 2530 Link,
1479 2477 1590 2516 Nees
1621 2479 1740 2530 Syst,

235 2531 268 2570 f.
300 2531 373 2576 45.
392 2561 408 2586 ‚
438 2534 549 2581 quod
576 2532 756 2585 mycelio
798 2532 1019 2573 Isariarum
1047 2545 1215 2583 prorsus
1250 2534 1386 2573 saltim
1416 2536 1655 2590 convenit.)

262 2600 539 2671 Reliquis,
600 2615 825 2674 excepto
880 2603 1068 2654 forsan
1131 2623 1183 2659 n.
1240 2603 1320 2662 6.,
1383 2606 1739 2676 compactius,

124 2671 514 2725 Trichoderma
573 2674 844 2727 minutum
910 2674 1223 2733 candidum,
1282 2674 1483 2726 lineam
1537 2678 1742 2748 passim

123 2755 337 2796 tantum
382 2745 579 2806 latum,
646 2746 940 2800 aemulans.
1030 2744 1284 2818 Sporidia
1337 2746 1571 2816 copiosa.
1639 2750 1745 2802 Ad

124 2816 339 2868 cortices
375 2826 645 2884 vetustos‚2
675 2835 868 2869 muscos
900 2827 995 2869 etc.
1036 2818 1297 2886 frequens.
1337 2818 1414 2882 (V.
1443 2819 1533 2890 v.)

262 2897 385 2951 Hae
416 2900 782 2971 speciessatis
817 2902 1059 2972 insignes
1100 2915 1252 2968 sunt,
1311 2901 1464 2955 facili
1522 2905 1740 2975 negotio

126 2967 528 3027 discernendae.
586 2971 782 3028 Plures
804 2975 1000 3029 afferre
1019 2975 1176 3028 nolui.
1218 2974 1454 3045 Botrytis
1469 2978 1743 3045 geotricha
