1887 3255
190 108 306 163 254
743 106 1284 165 GHAEToMfflM
1309 142 1312 145 ,
1337 142 1340 147 ¹

339 250 737 306 HISTORIA.
783 231 1033 325 Fungiffi
1057 254 1298 325 gregarii
1319 253 1564 326 epiphyti
1579 292 1597 322 ,
1621 252 1813 306 habitu

198 323 238 377 S
278 324 607 384 haeriarum‚
627 343 749 374 cum
765 324 958 392 quibus
986 326 1197 378 confusi
1220 327 1494 387 videntur,
1520 326 1690 378 donec
1718 344 1808 377 eos

194 345 395 448 Iffmze
419 395 639 446 nomine
666 413 697 444 a
723 414 980 462 χαιτωμα
1003 397 1246 450 derivato
1262 395 1532 448 distinxit.
1599 397 1690 448 Ab
1716 415 1807 448 eo-

213 467 320 518 lem
344 464 744 518 accuratissimo
765 467 1005 518 Auctore
1029 468 1267 538 pollicita
1288 479 1365 519 est
1388 466 1805 537 Monographia,

214 557 361 606 ffuare
391 536 593 607 species
635 536 927 609 descriptas
961 551 1170 590 tantum
1209 557 1537 592 enumerem.
1595 536 1806 589 -Plures

209 627 325 659 sane
362 618 667 661 occurrunt.
698 639 769 646 —
832 608 900 660 In
927 610 1205 662 nonnullis
1241 610 1404 662 etiam
1427 608 1576 660 adest
1604 607 1805 659 thallus

205 679 493 744 discretus,
532 678 648 732 sive
687 678 787 750 pili
831 680 947 740 basi
991 681 1292 748 radiantes,
1367 698 1470 749 quo
1520 678 1708 752 priora
1754 689 1807 730 et

204 749 475 818 sequentia
507 769 712 820 ‘genera
749 751 853 803 hoc
891 751 1091 823 optime
1130 752 1425 827 conjungit.
1501 770 1513 780 ’

199 839 249 891 l.
313 837 397 890 Ch.
429 841 631 898 elatum,
655 835 864 908 peridio
893 837 1170 899 subovato‚
1206 837 1326 889 basi
1351 837 1560 889 radiato
1587 837 1803 897 fibroso,

335 907 463 978 pilis
508 908 727 960 verticis
765 907 1097 977 longissimis
1119 908 1375 980 implexis
1401 908 1650 974 ramosis,
1683 926 1808 979 spo-

340 978 497 1030 ridiis
535 979 804 1050 ellipticis.
1344 994 1347 995 ’
1796 1046 1798 1048 ‚
1828 977 1830 979 ’

257 1066 540 1106 chaetomium
570 1070 734 1113 elatum.
802 1068 985 1109 Kunze!
1014 1069 1230 1112 Deutschl.
1262 1067 1506 1114 Schwc'imm,
1531 1082 1576 1115 n,
1601 1065 1702 1110 184.
1726 1067 1803 1110 cfr.

311 1125 435 1170 iufra,
461 1149 520 1156 -
553 1126 699 1170 Grev.!
737 1129 878 1180 crypt.
913 1130 1025 1170 Scot.
1058 1135 1092 1170 t.
1138 1127 1241 1165 230.

182 1194 185 1199 ·
247 1186 290 1227 h.
323 1183 418 1231 pilis
452 1183 696 1222 laxioribus.
730 1184 943 1233 Conoplea
971 1178 1140 1224 comata.
1207 1187 1325 1227 Pers,
1362 1197 1415 1221 ex
1439 1195 1549 1235 spec.
1571 1180 1807 1232 Mougeotl

307 1239 663 1291 (Dissertationem
694 1244 747 1281 de
781 1245 828 1285 C,
850 1250 1011 1281 comata
1037 1255 1070 1281 5.
1103 1249 1201 1280 atra
1231 1239 1317 1283 Px?
1356 1249 1463 1285 auct.
1495 1241 1716 1280 Brondeau
1759 1241 1805 1279 in

305 1299 422 1339 Ann.
447 1298 540 1342 Soc.
562 1299 834 1343 Linn.Paris.
861 1313 947 1338 non
963 1301 1179 1356 vidimus.)
1327 1309 1329 1311 ’

379 1369 525 1420 Tam
567 1367 628 1419 in
673 1368 1056 1439 speciminibus
1106 1387 1137 1419 a
1181 1387 1269 1420 me
1315 1367 1497 1435 lectis,
1548 1387 1704 1437 quam
1747 1367 1808 1420 in

197 1439 452 1510 plurimis
479 1439 544 1490 ab
583 1439 768 1492 amicis
810 1438 1213 1492 communicatis
1253 1459 1447 1494 verum
1485 1440 1634 1491 adest
1662 1438 1808 1510 peri-

200 1511 379 1573 dium,
437 1511 592 1580 quale
629 1513 792 1563 etiam
833 1510 1023 1563 asserit
1067 1510 1298 1574 Kunze,
1352 1522 1412 1562 ut
1455 1523 1598 1566 certa
1645 1509 1806 1584 hujus

197 1583 412 1651 generis
438 1581 637 1652 species
674 1593 916 1642 maneat„
968 1580 1271 1633 Fatendum
1297 1594 1477 1633 tamen
1507 1593 1603 1647 est,
1627 1580 1806 1651 speci—

198 1653 348 1704 mina
380 1654 441 1704 in
474 1653 733 1719 Deutscb.
770 1651 951 1706 Schvv.
984 1651 1373 1703 communicata
1408 1652 1618 1722 periclio
1649 1652 1806 1703 obso-

197 1725 324 1785 leto,
339 1723 619 1792 floccisque
644 1722 1035 1795 pulverulentis
1047 1721 1220 1791 magis
1236 1720 1567 1793 Conopleam
1578 1721 1803 1787 referre,

197 1807 260 1845 ut
283 1793 393 1867 jam
426 1794 666 1848 Ehrenb.
703 1795 824 1851 silv.
861 1793 987 1845 Ber.
1012 1814 1065 1865 p.
1114 1794 1200 1845 23.
1247 1792 1588 1858 observavit,
1625 1804 1806 1843 tamen

197 1865 389 1918 habitu
407 1878 642 1917 ceterum
666 1885 900 1935 congruo
925 1864 1027 1916 illa
1051 1883 1302 1927 separare
1326 1884 1438 1915 non
1472 1882 1630 1914 ausus
1667 1882 1802 1924 sum,

200 1937 323 1989 oum
350 1938 551 1988 thallus
584 1938 770 1988 eodem
790 1936 950 1988 modo
981 1936 1040 1987 in
1070 1934 1322 2003 Sphaeria
1350 1933 1807 2005 (Vermicularia)

205 2009 467 2064 Trichella
503 2007 704 2079 juniori
741 2007 940 2059 eximie
962 2006 1370 2079 pulverulentus
1404 2005 1806 2070 .observetur!!‚

197 2080 368 2132 immo
399 2080 460 2132 in
483 2080 754 2152 Erysiphe
789 2092 885 2132 etc.
915 2110 983 2119 —
1019 2083 1068 2132 A
1098 2076 1322 2145 reliquis
1357 2074 1685 2129 Chaetomiis
1707 2094 1809 2127 no-

199 2151 269 2203 tis
312 2151 508 2214 allatis,
553 2164 757 2203 statura
793 2149 1008 2203 elatiori
1033 2148 1241 2201 abunde
1265 2145 1465 2203 Hiffert.
1537 2152 1605 2200 In
1634 2145 1809 2199 culmis

197 2224 490 2290 graminum
523 2223 924 2292 putrescentibus
950 2233 1062 2282 etc„
1099 2225 1335 2271 autumno
1349 2258 1362 2282 ,
1390 2237 1521 2270 vere.
1568 2217 1651 2287 (V.
1687 2220 1766 2283 V.)

310 2313 432 2356 obs,
457 2311 504 2354 A
527 2310 680 2363 variis,
707 2322 748 2352 v,
779 2322 816 2351 c.
847 2306 1066 2347 Alberzini
1077 2313 1116 2344 et
1129 2303 1330 2347 Schwein.
1354 2317 1401 2354 p,
1429 2302 1503 2348 45,
1529 2315 1621 2341 cum
1641 2301 1805 2353 Sphae—

199 2370 271 2409 ria
302 2377 465 2409 comam
505 2371 625 2408 Tode
644 2397 655 2418 ,
687 2367 731 2405 in
759 2374 966 2416 posterum
994 2364 1117 2403 facile
1152 2361 1383 2403 Chaetomio
1422 2368 1579 2399 comato
1615 2361 1806 2409 dicenda,

202 2436 512 2470 commutatum,
561 2428 642 2464 Ista
671 2437 774 2464 vero
799 2425 959 2473 peridio
989 2425 1121 2462 adhue
1144 2420 1284 2469 -magis
1325 2420 1521 2472 evoluto,
1563 2417 1804 2469 fragillimo,

201 2485 466 2525 transversim
499 2485 621 2523 facile
650 2483 852 2536 diffracto,
875 2482 964 2521 basi
991 2483 1133 2532 nudo,
1164 2476 1354 2526 sporidiis
1386 2476 1551 2525 septafis
1578 2474 1806 2515 fusiformi-

200 2548 277 2583 hus
306 2543 467 2593 species
493 2542 659 2582 omnino
702 2541 906 2584 distincta,

200 2617 254 2670 2.
330 2614 419 2668 Gk.
462 2611 794 2679 gelatiuosmn
815 2648 827 2670 ,
884 2606 1093 2678 peridio
1142 2603 1465 2672 subgloboso
1509 2599 1807 2671 gelatinoso

343 2682 610 2755 pellucido
625 2719 638 2741 ,
675 2680 792 2732 basi
815 2679 988 2731 thallo
1010 2678 1208 2731 fibroso
1233 2673 1519 2727 insidentes
1561 2671 1809 2724 Ehrenb..'

340 2760 465 2808 Ber.
494 2773 549 2822 Ρ.
580 2751 663 2814 15,
693 2752 785 2802 27.

411 2838 645 2890 Videtur
673 2833 849 2905 priori
882 2832 1042 2886 valde
1078 2833 1234 2884 affine
1277 2841 1328 2881 et
1349 2830 1465 2880 fere
1502 2839 1667 2881 status
1704 2826 1810 2884 im.-

202 2921 446 2963 maturus
487 2909 554 2960 ob
588 2904 1012 2978 pelluciditatem
1060 2914 1112 2954 et
1153 2899 1509 2954 substantiam
1545 2897 1811 2969 gelatino-

204 3001 338 3038 sam.
409 2979 669 3037 Simililms
720 2976 844 3031 locis
888 2974 1110 3029 occurrit
1144 2983 1351 3025 aestate.
1389 2972 1469 3038 (v.
1513 2973 1582 3039 5.)

1573 3132 1632 3185 '⁴⁹
