1887 3255
633 46 1064 212 ssMATIEL
1569 155 1678 210 337

53 319 363 384 n'omycetes
407 323 530 358 cum
574 297 1098 370 Gasteromycetibus
1139 293 1329 347 eadem
1364 297 1578 350 ratione
1618 320 1681 354 ac

52 381 374 440 Dematieos
424 365 547 428 cum
583 370 966 423 Mucedinibus
1025 365 1368 440 conjungere.
1441 369 1683 427 Plurimi

59 459 330 512 Auctores
368 459 583 503 veteres·
626 441 942 494 Dematieos
988 459 1018 491 a
1069 439 1349 512 Sphaeriis
1387 453 1438 493 et
1478 440 1526 493 Β
1570 463 1685 496 ssa-

62 528 170 581 ceis
229 544 299 578 ne
356 536 554 593 genere
605 513 827 583 quidem
882 511 1275 575 distinxerunt,
1346 463 1686 571 Mucedyineis

65 619 189 652 cum
222 592 488 667 Phyceis,
536 582 839 639 Mucorinis
887 593 938 635 et
984 582 1426 638 Trichodermeis
1472 583 1687 645 'unctis.

63 670 273 725 Eadem
315 658 620 717 differentia
659 656 804 708 inter
849 654 1319 726 Cephalotricheos
1367 669 1418 709 et
1514 661 1690 713 ucori-

67 761 166 795 nos
206 737 441 793 indicata
488 741 583 784 est.
660 726 940 796 Quantum
992 728 1218 796 insuper
1260 729 1442 781 omnia
1480 731 1687 784 Dema-

67 814 178 866 tiea
214 825 414 881 genera
455 804 574 855 loco
611 810 663 852 et
688 810 794 850 tota
827 797 1168 865 vegetatione
1211 798 1358 851 inter
1397 821 1452 853 se
1492 824 1691 858 conve-

70 885 223 938 uiant
258 891 326 930 'et
385 897 416 929 a
469 870 822 926 Mucedinum
872 869 1142 929 differant,
1176 868 1324 922 infra
1380 875 1694 947 exponitur.

69 952 293 1015 Paueis,
345 949 393 1002 si
438 947 646 999 adesset
688 942 963 993 character
1013 943 1412 1012 systematicus,
1466 961 1694 1002 naturae

70 1023 308 1080 maxime
339 1016 666 1073 conveniens
692 1032 805 1065 esse
840 1014 1104 1081 fingerem
1148 1012 1593 1088 Hyphomycetes
1641 1025 1695 1074 r'n

72 1099 205 1150 duas
243 1094 434 1153 serieS,
472 1085 819 1142 Dematieam
866 1095 916 1135 et
951 1082 1353 1149 Mucedineam‚
1395 1090 1699 1161 disponere.

74 1168 201 1239 Qua
234 1166 446 1220 ratione
476 1162 579 1212 hoc
601 1157 725 1211 fieri
758 1156 951 1228 possit,
988 1155 1046 1205 in
1073 1152 1471 1213 variationibus
1508 1161 1700 1236 Syste..

75 1234 238 1292 mafis
276 1234 546 1290 indicabo.
616 1233 687 1283 At
718 1246 748 1279 a
784 1226 1120 1278 Mucedineis
1159 1239 1340 1281 tamen
1372 1232 1699 1307 haud-longe

77 1310 437 1364 removendos
477 1321 592 1356 esse
624 1299 936 1352 Dematieos
986 1310 1097 1350 tam
1137 1300 1284 1352 varii
1324 1316 1488 1357 status
1525 1306 1701 1361 inter-

77 1382 270 1449 medii,
305 1398 468 1451 quam
503 1372 741 1448 perfecte
775 1371 1002 1441 analoga
1044 1371 1371 1427 evolutionis
1409 1377 1576 1432 series
1613 1380 1702 1433 in-

82 1454 241 1508 dicat.

225 1523 484 1577 Stationes
521 1531 572 1571 et
610 1517 891 1588 qualitates
910 1517 1327 1571 Dematieorum
1357 1523 1517 1576 etiam
1541 1526 1705 1597 longe

82 1596 357 1651 recedunt.
433 1591 769 1652 In-habitant,
828 1601 889 1640 ut
936 1588 1416 1661 Pyrenomycetes,
1474 1617 1705 1666 quorum

83 1668 333 1722 societate
377 1664 640 1731 gaudent,
698 1672 909 1713 tantum
955 1662 1275 1731 vegetabilia
1320 1666 1497 1732 arida,
1549 1670 1708 1736 sicca,

84 1760 184 1792 nec
220 1736 499 1809 putredine
531 1746 803 1805 corrupta.
876 1730 1057 1784 ¹Certis,
1097 1745 1147 1785 et
1195 1735 1429 1789 definitis
1474 1740 1606 1793 locis
1656 1755 1709 1795 et

89 1809 306 1863 matrici
338 1808 507 1860 multo
531 1806 706 1875 magis
737 1803 996 1875 adscripti
1014 1824 1173 1873 quam
1191 1804 1522 1866 Mun-edines.
1576 1814 1711 1867 Inde

86 1884 275 1936 forsan
308 1899 420 1933 non
457 1893 653 1948 parum
699 1876 896 1948 pendet
940 1876 1151 1928 tardior
1189 1897 1379 1932 eorum
1422 1885 1710 1956 vegetatio,

88 1951 389 2006 substantia
434 1948 666 2018 rigidior
716 1959 767 1998 et
810 1946 984 2014 magis
1042 1948 1350 2017 persistens.
1444 1953 1716 2025 Vegetant

91 2025 528 2077 Lichenosorum
546 2037 698 2071 more
729 2018 854 2092 jove
877 2017 1063 2089 pluvio
1097 2031 1147 2071 et
1168 2021 1370 2084 rorido,
1404 2023 1533 2078 hinc
1554 2048 1714 2098 prae..

95 2097 251 2167 cipue
300 2092 604 2156 brumales;
657 2089 787 2142 sicci
836 2089 978 2142 aridi
1023 2102 1076 2142 et
1128 2092 1492 2162 persistentes.
1573 2098 1717 2155 Sunt

97 2185 284 2220 omnes
330 2164 533 2236 species
584 2162 862 2214 silvaticae
905 2180 1006 2213 nec
1058 2163 1378 2218 domesticae
1425 2179 1482 2220 ut
1531 2171 1716 2239 plures

95 2236 464 2291 Mucedinum.
539 2233 689 2287 Hinc
723 2234 941 2303 quidem
975 2232 1057 2285 rei
1081 2235 1336 2290 culinaris
1382 2240 1719 2298 administn's

95 2310 242 2363 haud
279 2307 532 2373 taediosi,
568 2318 629 2358 ut
662 2305 991 2368 MucedineS.
1054 2305 1197 2359 Usus
1230 2310 1435 2368 nullus.

240 2376 775 2433 EVOLUTlONlS
825 2377 1010 2431 series.
1090 2380 1412 2434 Infimorum
1455 2386 1719 2449 vegetatio

99 2451 414 2513 subinnata,
456 2450 638 2502 floccis
676 2462 888 2500 tantum
925 2450 1178 2520 mycelii‚
1223 2453 1314 2504 sed
1356 2455 1720 2525 sporidiiferis

98 2524 387 2584 instructa,
452 2523 603 2576 fibris
657 2520 790 2593 ipsis
842 2520 901 2571 in
950 2521 1182 2592 sporidia
1246 2539 1422 2578 erecta
1481 2530 1718 2582 mutatis.

99 2594 252 2647 Dein
270 2595 438 2645 fibrae
477 2613 574 2665 pro
612 2605 764 2664 parte
790 2603 1001 2643 tantum
1037 2591 1096 2644 in
1134 2596 1376 2666 sporidia
1419 2604 1717 2668 mutantur,

100 2686 156 2721 v.
198 2686 243 2718 c.
287 2665 634 2732 Gladosporii,
683 2664 1170 2732 Helmz'nthosporii,
1226 2670 1440 2721 tandem
1480 2672 1721 2740 sporidia

103 2750 155 2789 et
191 2738 361 2789 fibrae
399 2736 618 2788 omnino
662 2737 906 2787 discreta.
943 2765 1012 2774 -—
1054 2738 1199 2801 Quae
1235 2741 1464 2806 sporidz'a
1491 2742 1722 2797 dicimus

102 2809 164 2860 in
195 2807 546 2860 inferioribus
593 2807 799 2875 fungis,
848 2825 1050 2876 organa
1101 2822 1226 2860 sunt
1272 2812 1429 2863 valde
1473 2813 1722 2868 diversae

106 2879 411 2949 dignitatis,
463 2898 575 2929 non
621 2879 801 2930 minus
850 2897 1012 2947 quam
1063 2880 1272 2931 semina
1326 2883 1466 2953 apud
1512 2898 1722 2940 veteres

103 2950 414 3004 Botanicos.
488 2949 805 3002 Pleniorem
837 2947 999 3022 hujus
1033 2952 1278 3004 materiei
1317 2955 1591 3027 analysin,
1632 2972 1725 3010 aut

106 3021 782 3094 potiusnonstructionem
826 3021 1048 3076 differre
1096 3042 1313 3078 necesse
1357 3026 1498 3080 mihi
1541 3029 1721 3082 visum
