<?xml version="1.0" encoding="UTF-8"?>
<!DOCTYPE html PUBLIC "-//W3C//DTD XHTML 1.0 Transitional//EN"
    "http://www.w3.org/TR/xhtml1/DTD/xhtml1-transitional.dtd">
<html xmlns="http://www.w3.org/1999/xhtml" xml:lang="en" lang="en">
 <head>
  <title>
</title>
<meta http-equiv="Content-Type" content="text/html;charset=utf-8" />
  <meta name='ocr-system' content='tesseract 3.04.00' />
  <meta name='ocr-capabilities' content='ocr_page ocr_carea ocr_par ocr_line ocrx_word'/>
</head>
<body>
  <div class='ocr_page' id='page_1' title='image "./systemamycologic03frie/systemamycologic03frie_0423.png"; bbox 0 0 1887 3255; ppageno 0'>
   <div class='ocr_carea' id='block_1_1' title="bbox 641 131 1695 191">
    <p class='ocr_par' dir='ltr' id='par_1_1' title="bbox 641 131 1695 191">
     <span class='ocr_line' id='line_1_1' title="bbox 641 131 1695 191; baseline -0.003 -3"><span class='ocrx_word' id='word_1_1' title='bbox 641 131 1124 191; x_wconf 70' lang='lat' dir='ltr'><strong>DAGTYLIUM.</strong></span> <span class='ocrx_word' id='word_1_2' title='bbox 1583 133 1695 187; x_wconf 74' lang='lat'><strong>413</strong></span> 
     </span>
    </p>
   </div>
   <div class='ocr_carea' id='block_1_2' title="bbox 75 275 1695 564">
    <p class='ocr_par' dir='ltr' id='par_1_2' title="bbox 75 275 1695 564">
     <span class='ocr_line' id='line_1_2' title="bbox 83 275 1692 350; baseline 0.001 -18"><span class='ocrx_word' id='word_1_3' title='bbox 83 276 461 333; x_wconf 85' lang='lat' dir='ltr'><strong>terminalibus</strong></span> <span class='ocrx_word' id='word_1_4' title='bbox 494 277 656 350; x_wconf 81' lang='lat' dir='ltr'><strong>duplo</strong></span> <span class='ocrx_word' id='word_1_5' title='bbox 691 275 904 330; x_wconf 87' lang='lat' dir='ltr'><strong>circiter</strong></span> <span class='ocrx_word' id='word_1_6' title='bbox 936 277 1223 347; x_wconf 79' lang='lat' dir='ltr'>longiores,</span> <span class='ocrx_word' id='word_1_7' title='bbox 1291 275 1551 347; x_wconf 83' lang='lat' dir='ltr'><strong>Sporidia</strong></span> <span class='ocrx_word' id='word_1_8' title='bbox 1573 300 1692 333; x_wconf 86' lang='lat' dir='ltr'><strong>ma-</strong></span> 
     </span>
     <span class='ocr_line' id='line_1_3' title="bbox 76 343 1693 422; baseline 0.001 -20"><span class='ocrx_word' id='word_1_9' title='bbox 76 343 213 422; x_wconf 66' lang='lat' dir='ltr'><strong>gna,</strong></span> <span class='ocrx_word' id='word_1_10' title='bbox 255 362 452 410; x_wconf 87' lang='lat' dir='ltr'><strong>erecta,</strong></span> <span class='ocrx_word' id='word_1_11' title='bbox 499 351 560 408; x_wconf 83' lang='lat'><strong>4,</strong></span> <span class='ocrx_word' id='word_1_12' title='bbox 597 347 659 415; x_wconf 84' lang='lat'><strong>5,</strong></span> <span class='ocrx_word' id='word_1_13' title='bbox 701 347 792 400; x_wconf 88' lang='lat' dir='ltr'><strong>sed</strong></span> <span class='ocrx_word' id='word_1_14' title='bbox 842 348 1162 416; x_wconf 86' lang='lat' dir='ltr'><strong>quibusdam</strong></span> <span class='ocrx_word' id='word_1_15' title='bbox 1215 347 1455 402; x_wconf 76' lang='lat' dir='ltr'><strong>deciduis</strong></span> <span class='ocrx_word' id='word_1_16' title='bbox 1499 351 1693 406; x_wconf 82' lang='lat' dir='ltr'><strong>horum</strong></span> 
     </span>
     <span class='ocr_line' id='line_1_4' title="bbox 81 420 1695 492; baseline 0.001 -17"><span class='ocrx_word' id='word_1_17' title='bbox 81 440 340 475; x_wconf 87' lang='lat' dir='ltr'><strong>numerus</strong></span> <span class='ocrx_word' id='word_1_18' title='bbox 388 440 544 492; x_wconf 84' lang='lat' dir='ltr'>saepe</span> <span class='ocrx_word' id='word_1_19' title='bbox 592 420 1001 489; x_wconf 81' lang='lat' dir='ltr'><strong>depauperatus,</strong></span> <span class='ocrx_word' id='word_1_20' title='bbox 1072 420 1164 473; x_wconf 81' lang='lat' dir='ltr'><strong>Ad</strong></span> <span class='ocrx_word' id='word_1_21' title='bbox 1198 421 1402 474; x_wconf 78' lang='lat' dir='ltr'><strong><em>corticis</em></strong></span> <span class='ocrx_word' id='word_1_22' title='bbox 1428 425 1695 490; x_wconf 62' lang='lat' dir='ltr'><strong>squercini</strong></span> 
     </span>
     <span class='ocr_line' id='line_1_5' title="bbox 75 492 886 564; baseline -0.005 -19"><span class='ocrx_word' id='word_1_23' title='bbox 75 494 330 564; x_wconf 80' lang='lat' dir='ltr'><strong>paginam</strong></span> <span class='ocrx_word' id='word_1_24' title='bbox 364 492 671 543; x_wconf 77' lang='lat' dir='ltr'><strong>interiorem.</strong></span> <span class='ocrx_word' id='word_1_25' title='bbox 712 492 786 549; x_wconf 88' lang='lat' dir='ltr'><strong>(v.</strong></span> <span class='ocrx_word' id='word_1_26' title='bbox 821 494 886 555; x_wconf 87' lang='lat' dir='ltr'><strong>s.)</strong></span> 
     </span>
    </p>
   </div>
   <div class='ocr_carea' id='block_1_3' title="bbox 110 573 1695 693">
    <p class='ocr_par' dir='ltr' id='par_1_3' title="bbox 110 573 1695 693">
     <span class='ocr_line' id='line_1_6' title="bbox 110 573 1693 633; baseline 0 -17"><span class='ocrx_word' id='word_1_27' title='bbox 110 582 163 633; x_wconf 71' lang='lat'><strong>†,</strong></span> <span class='ocrx_word' id='word_1_28' title='bbox 201 581 262 623; x_wconf 72' lang='lat' dir='ltr'><strong>D,</strong></span> <span class='ocrx_word' id='word_1_29' title='bbox 302 575 555 619; x_wconf 76' lang='lat' dir='ltr'><strong>Chevallieri</strong></span> <span class='ocrx_word' id='word_1_30' title='bbox 577 586 614 618; x_wconf 72' lang='lat' dir='ltr'><strong>s.</strong></span> <span class='ocrx_word' id='word_1_31' title='bbox 646 573 996 625; x_wconf 83' lang='lat' dir='ltr'><strong>Sporocephalum</strong></span> <span class='ocrx_word' id='word_1_32' title='bbox 1025 575 1323 627; x_wconf 58' lang='lat' dir='ltr'><strong>{maten-natum.</strong></span> <span class='ocrx_word' id='word_1_33' title='bbox 1369 576 1490 622; x_wconf 73' lang='lat' dir='ltr'><strong>Chen.</strong></span> <span class='ocrx_word' id='word_1_34' title='bbox 1525 590 1618 627; x_wconf 77' lang='lat' dir='ltr'><strong>par.</strong></span> <span class='ocrx_word' id='word_1_35' title='bbox 1646 592 1693 626; x_wconf 80' lang='lat' dir='ltr'><strong>p.</strong></span> 
     </span>
     <span class='ocr_line' id='line_1_7' title="bbox 195 631 1695 693; baseline -0.001 -17"><span class='ocrx_word' id='word_1_36' title='bbox 195 637 272 681; x_wconf 73' lang='lat'><strong>59.</strong></span> <span class='ocrx_word' id='word_1_37' title='bbox 319 648 343 674; x_wconf 82' lang='lat' dir='ltr'><strong>a</strong></span> <span class='ocrx_word' id='word_1_38' title='bbox 383 635 512 686; x_wconf 78' lang='lat' dir='ltr'>priori</span> <span class='ocrx_word' id='word_1_39' title='bbox 557 631 679 672; x_wconf 89' lang='lat' dir='ltr'><strong>unice</strong></span> <span class='ocrx_word' id='word_1_40' title='bbox 712 632 850 674; x_wconf 79' lang='lat' dir='ltr'><strong>difl&#39;ert</strong></span> <span class='ocrx_word' id='word_1_41' title='bbox 897 636 1024 685; x_wconf 81' lang='lat' dir='ltr'><strong>septis</strong></span> <span class='ocrx_word' id='word_1_42' title='bbox 1071 637 1257 676; x_wconf 78' lang='lat' dir='ltr'><strong>evanidis</strong></span> <span class='ocrx_word' id='word_1_43' title='bbox 1296 644 1337 676; x_wconf 82' lang='lat' dir='ltr'><strong>et</strong></span> <span class='ocrx_word' id='word_1_44' title='bbox 1367 638 1460 676; x_wconf 88' lang='lat' dir='ltr'><strong>loco</strong></span> <span class='ocrx_word' id='word_1_45' title='bbox 1498 635 1544 675; x_wconf 87' lang='lat' dir='ltr'><strong>in</strong></span> <span class='ocrx_word' id='word_1_46' title='bbox 1560 635 1695 693; x_wconf 68' lang='lat' dir='ltr'><strong>foliis</strong></span> 
     </span>
    </p>
   </div>
   <div class='ocr_carea' id='block_1_4' title="bbox 85 693 1697 902">
    <p class='ocr_par' dir='ltr' id='par_1_4' title="bbox 85 693 1697 902">
     <span class='ocr_line' id='line_1_8' title="bbox 199 693 396 738; baseline -0.01 -4"><span class='ocrx_word' id='word_1_47' title='bbox 199 695 296 734; x_wconf 81' lang='lat' dir='ltr'><strong>dela</strong></span> <span class='ocrx_word' id='word_1_48' title='bbox 326 693 396 738; x_wconf 65' lang='grc' dir='ltr'><strong>είς,</strong></span> 
     </span>
     <span class='ocr_line' id='line_1_9' title="bbox 195 707 1697 899; baseline 0.004 -78"><span class='ocrx_word' id='word_1_49' title='bbox 195 849 230 899; x_wconf 69' lang='lat' dir='ltr'><em>k</em></span> <span class='ocrx_word' id='word_1_50' title='bbox 292 707 601 829; x_wconf 50' lang='lat' dir='ltr'><strong>ZRamosa.</strong></span> <span class='ocrx_word' id='word_1_51' title='bbox 668 770 1051 846; x_wconf 81' lang='lat' dir='ltr'><strong>Cladobotrya.</strong></span> <span class='ocrx_word' id='word_1_52' title='bbox 1113 778 1258 826; x_wconf 86' lang='lat' dir='ltr'><strong>Nees.</strong></span> <span class='ocrx_word' id='word_1_53' title='bbox 1308 771 1578 846; x_wconf 82' lang='lat' dir='ltr'><strong>Botrytid.</strong></span> <span class='ocrx_word' id='word_1_54' title='bbox 1613 792 1697 846; x_wconf 87' lang='lat' dir='ltr'><strong>sp.</strong></span> 
     </span>
     <span class='ocr_line' id='line_1_10' title="bbox 85 849 247 902; baseline 0 0"><span class='ocrx_word' id='word_1_55' title='bbox 85 849 191 902; x_wconf 76' lang='lat' dir='ltr'><strong>Lin</strong></span> <span class='ocrx_word' id='word_1_56' title='bbox 231 888 247 902; x_wconf 90' lang='lat'><strong>.</strong></span> 
     </span>
    </p>
   </div>
   <div class='ocr_carea' id='block_1_5' title="bbox 82 934 1704 1141">
    <p class='ocr_par' dir='ltr' id='par_1_5' title="bbox 82 934 1704 1141">
     <span class='ocr_line' id='line_1_11' title="bbox 82 934 1704 1014; baseline -0.007 -14"><span class='ocrx_word' id='word_1_57' title='bbox 82 948 134 1002; x_wconf 87' lang='lat'><strong>3.</strong></span> <span class='ocrx_word' id='word_1_58' title='bbox 227 949 299 999; x_wconf 89' lang='lat' dir='ltr'><strong>D.</strong></span> <span class='ocrx_word' id='word_1_59' title='bbox 340 942 658 1014; x_wconf 66' lang='lat' dir='ltr'><strong>pyr-iseram,</strong></span> <span class='ocrx_word' id='word_1_60' title='bbox 721 940 900 993; x_wconf 89' lang='lat' dir='ltr'><strong>floccis</strong></span> <span class='ocrx_word' id='word_1_61' title='bbox 945 941 1242 1010; x_wconf 76' lang='lat' dir='ltr'><strong>aggregatis</strong></span> <span class='ocrx_word' id='word_1_62' title='bbox 1299 934 1462 1006; x_wconf 77' lang='lat' dir='ltr'><strong>albis,</strong></span> <span class='ocrx_word' id='word_1_63' title='bbox 1503 946 1704 999; x_wconf 78' lang='lat' dir='ltr'><strong>fertili-</strong></span> 
     </span>
     <span class='ocr_line' id='line_1_12' title="bbox 219 1011 1704 1090; baseline 0.003 -22"><span class='ocrx_word' id='word_1_64' title='bbox 219 1017 321 1068; x_wconf 87' lang='lat' dir='ltr'><strong>bus</strong></span> <span class='ocrx_word' id='word_1_65' title='bbox 344 1034 482 1085; x_wconf 83' lang='lat' dir='ltr'><strong>vage</strong></span> <span class='ocrx_word' id='word_1_66' title='bbox 518 1011 778 1080; x_wconf 84' lang='lat' dir='ltr'><strong>ramosis,</strong></span> <span class='ocrx_word' id='word_1_67' title='bbox 811 1012 1067 1084; x_wconf 84' lang='lat' dir='ltr'><strong>sporidiis</strong></span> <span class='ocrx_word' id='word_1_68' title='bbox 1092 1012 1505 1084; x_wconf 82' lang='lat' dir='ltr'><strong>pyriformibus,</strong></span> <span class='ocrx_word' id='word_1_69' title='bbox 1535 1017 1704 1090; x_wconf 81' lang='lat' dir='ltr'><strong>septis</strong></span> 
     </span>
     <span class='ocr_line' id='line_1_13' title="bbox 225 1085 866 1141; baseline -0.012 -1"><span class='ocrx_word' id='word_1_70' title='bbox 225 1085 680 1141; x_wconf 76' lang='lat' dir='ltr'><strong>evanescentibus,</strong></span> <span class='ocrx_word' id='word_1_71' title='bbox 861 1103 866 1108; x_wconf 91' lang='lat'><strong>·</strong></span> 
     </span>
    </p>
   </div>
   <div class='ocr_carea' id='block_1_6' title="bbox 66 1166 1706 2164">
    <p class='ocr_par' dir='ltr' id='par_1_6' title="bbox 66 1166 1706 1950">
     <span class='ocr_line' id='line_1_14' title="bbox 228 1166 1705 1243; baseline 0 -20"><span class='ocrx_word' id='word_1_72' title='bbox 228 1170 486 1243; x_wconf 81' lang='lat' dir='ltr'><strong>Dactylio</strong></span> <span class='ocrx_word' id='word_1_73' title='bbox 526 1167 750 1220; x_wconf 83' lang='lat' dir='ltr'><strong>candido</strong></span> <span class='ocrx_word' id='word_1_74' title='bbox 794 1166 938 1218; x_wconf 85' lang='lat' dir='ltr'><strong>haud</strong></span> <span class='ocrx_word' id='word_1_75' title='bbox 987 1167 1262 1235; x_wconf 84' lang='lat' dir='ltr'><strong>absimile,</strong></span> <span class='ocrx_word' id='word_1_76' title='bbox 1315 1170 1406 1221; x_wconf 87' lang='lat' dir='ltr'><strong>sed</strong></span> <span class='ocrx_word' id='word_1_77' title='bbox 1446 1170 1705 1241; x_wconf 81' lang='lat' dir='ltr'><strong>caespites</strong></span> 
     </span>
     <span class='ocr_line' id='line_1_15' title="bbox 84 1238 1706 1299; baseline 0 -5"><span class='ocrx_word' id='word_1_78' title='bbox 84 1242 288 1294; x_wconf 87' lang='lat' dir='ltr'><strong>format</strong></span> <span class='ocrx_word' id='word_1_79' title='bbox 339 1238 715 1296; x_wconf 48' lang='lat' dir='ltr'><strong>mu&#39;cedineos,</strong></span> <span class='ocrx_word' id='word_1_80' title='bbox 768 1239 1036 1299; x_wconf 84' lang='lat' dir='ltr'><strong>minutos,</strong></span> <span class='ocrx_word' id='word_1_81' title='bbox 1094 1242 1441 1293; x_wconf 87' lang='lat' dir='ltr'><strong>confluentes.</strong></span> <span class='ocrx_word' id='word_1_82' title='bbox 1517 1240 1706 1294; x_wconf 87' lang='lat' dir='ltr'><strong>Flocci</strong></span> 
     </span>
     <span class='ocr_line' id='line_1_16' title="bbox 87 1308 1702 1379; baseline 0.001 -15"><span class='ocrx_word' id='word_1_83' title='bbox 87 1313 297 1366; x_wconf 84' lang='lat' dir='ltr'><strong>fertiles</strong></span> <span class='ocrx_word' id='word_1_84' title='bbox 340 1331 369 1364; x_wconf 94' lang='lat' dir='ltr'><strong>a</strong></span> <span class='ocrx_word' id='word_1_85' title='bbox 400 1312 672 1364; x_wconf 84' lang='lat' dir='ltr'><strong>sterilibus</strong></span> <span class='ocrx_word' id='word_1_86' title='bbox 709 1308 806 1361; x_wconf 81' lang='lat' dir='ltr'><strong>vix</strong></span> <span class='ocrx_word' id='word_1_87' title='bbox 841 1310 1066 1375; x_wconf 79' lang='lat' dir='ltr'><strong>elevati,</strong></span> <span class='ocrx_word' id='word_1_88' title='bbox 1104 1311 1438 1377; x_wconf 86' lang='lat' dir='ltr'><strong>tenuissimi,</strong></span> <span class='ocrx_word' id='word_1_89' title='bbox 1478 1313 1702 1379; x_wconf 90' lang='lat' dir='ltr'><strong>ramosi,</strong></span> 
     </span>
     <span class='ocr_line' id='line_1_17' title="bbox 87 1380 1705 1453; baseline 0.001 -17"><span class='ocrx_word' id='word_1_90' title='bbox 87 1386 256 1437; x_wconf 89' lang='lat' dir='ltr'><strong>ramis</strong></span> <span class='ocrx_word' id='word_1_91' title='bbox 295 1383 433 1435; x_wconf 84' lang='lat' dir='ltr'><strong>laxis</strong></span> <span class='ocrx_word' id='word_1_92' title='bbox 466 1382 736 1435; x_wconf 81' lang='lat' dir='ltr'><strong>brevibus.</strong></span> <span class='ocrx_word' id='word_1_93' title='bbox 803 1380 1044 1433; x_wconf 86' lang='lat' dir='ltr'><strong>Omnino</strong></span> <span class='ocrx_word' id='word_1_94' title='bbox 1080 1402 1280 1451; x_wconf 87' lang='lat' dir='ltr'><strong>genera</strong></span> <span class='ocrx_word' id='word_1_95' title='bbox 1314 1385 1626 1453; x_wconf 75' lang='lat' dir='ltr'><strong>Dactylium¹</strong></span> <span class='ocrx_word' id='word_1_96' title='bbox 1651 1397 1705 1437; x_wconf 90' lang='lat' dir='ltr'><strong>et</strong></span> 
     </span>
     <span class='ocr_line' id='line_1_18' title="bbox 92 1453 1701 1524; baseline -0.001 -15"><span class='ocrx_word' id='word_1_97' title='bbox 92 1456 460 1523; x_wconf 67' lang='lat' dir='ltr'><strong>Cladobotryort</strong></span> <span class='ocrx_word' id='word_1_98' title='bbox 495 1453 696 1524; x_wconf 79' lang='lat' dir='ltr'><strong>jungit,</strong></span> <span class='ocrx_word' id='word_1_99' title='bbox 746 1462 797 1502; x_wconf 88' lang='lat' dir='ltr'><strong>et</strong></span> <span class='ocrx_word' id='word_1_100' title='bbox 842 1453 1112 1520; x_wconf 83' lang='lat' dir='ltr'><strong>sequentis</strong></span> <span class='ocrx_word' id='word_1_101' title='bbox 1158 1454 1298 1505; x_wconf 87' lang='lat' dir='ltr'><strong>forte</strong></span> <span class='ocrx_word' id='word_1_102' title='bbox 1334 1455 1571 1507; x_wconf 84' lang='lat' dir='ltr'><strong>varietas</strong></span> <span class='ocrx_word' id='word_1_103' title='bbox 1603 1468 1701 1521; x_wconf 84' lang='lat' dir='ltr'><strong>est,</strong></span> 
     </span>
     <span class='ocr_line' id='line_1_19' title="bbox 87 1523 1702 1596; baseline 0.001 -18"><span class='ocrx_word' id='word_1_104' title='bbox 87 1546 216 1578; x_wconf 91' lang='lat' dir='ltr'><strong>nam</strong></span> <span class='ocrx_word' id='word_1_105' title='bbox 250 1527 465 1576; x_wconf 83' lang='lat' dir='ltr'><strong>habitus</strong></span> <span class='ocrx_word' id='word_1_106' title='bbox 498 1525 610 1575; x_wconf 83' lang='lat' dir='ltr'><strong>sere</strong></span> <span class='ocrx_word' id='word_1_107' title='bbox 644 1523 816 1582; x_wconf 81' lang='lat' dir='ltr'><strong>idem,</strong></span> <span class='ocrx_word' id='word_1_108' title='bbox 858 1524 950 1575; x_wconf 83' lang='lat' dir='ltr'><strong>sed</strong></span> <span class='ocrx_word' id='word_1_109' title='bbox 983 1536 1131 1594; x_wconf 88' lang='lat' dir='ltr'><strong>septa</strong></span> <span class='ocrx_word' id='word_1_110' title='bbox 1175 1525 1542 1596; x_wconf 82' lang='lat' dir='ltr'><strong>sporidiorum</strong></span> <span class='ocrx_word' id='word_1_111' title='bbox 1590 1547 1702 1583; x_wconf 91' lang='lat' dir='ltr'><strong>non</strong></span> 
     </span>
     <span class='ocr_line' id='line_1_20' title="bbox 88 1593 1701 1664; baseline 0.001 -15"><span class='ocrx_word' id='word_1_112' title='bbox 88 1598 149 1650; x_wconf 88' lang='lat' dir='ltr'><strong>in</strong></span> <span class='ocrx_word' id='word_1_113' title='bbox 192 1598 293 1648; x_wconf 86' lang='lat' dir='ltr'><strong>hac</strong></span> <span class='ocrx_word' id='word_1_114' title='bbox 330 1596 558 1648; x_wconf 81' lang='lat' dir='ltr'><strong>observo</strong></span> <span class='ocrx_word' id='word_1_115' title='bbox 610 1593 883 1654; x_wconf 78' lang='lat' dir='ltr'><strong>distincta,</strong></span> <span class='ocrx_word' id='word_1_116' title='bbox 936 1606 986 1645; x_wconf 87' lang='lat' dir='ltr'><strong>et</strong></span> <span class='ocrx_word' id='word_1_117' title='bbox 1026 1596 1201 1664; x_wconf 86' lang='lat' dir='ltr'><strong>quoad</strong></span> <span class='ocrx_word' id='word_1_118' title='bbox 1255 1597 1449 1649; x_wconf 88' lang='lat' dir='ltr'><strong>floccos</strong></span> <span class='ocrx_word' id='word_1_119' title='bbox 1493 1597 1701 1652; x_wconf 82' lang='lat' dir='ltr'><strong>fertiles</strong></span> 
     </span>
     <span class='ocr_line' id='line_1_21' title="bbox 66 1663 1704 1734; baseline 0.001 -14"><span class='ocrx_word' id='word_1_120' title='bbox 66 1663 278 1720; x_wconf 40' lang='lat' dir='ltr'><strong>‘eadem</strong></span> <span class='ocrx_word' id='word_1_121' title='bbox 312 1667 454 1719; x_wconf 88' lang='lat' dir='ltr'><strong>inter</strong></span> <span class='ocrx_word' id='word_1_122' title='bbox 486 1666 624 1718; x_wconf 87' lang='lat' dir='ltr'><strong>hanc</strong></span> <span class='ocrx_word' id='word_1_123' title='bbox 661 1677 710 1716; x_wconf 88' lang='lat' dir='ltr'><strong>et</strong></span> <span class='ocrx_word' id='word_1_124' title='bbox 740 1678 1049 1734; x_wconf 87' lang='lat' dir='ltr'><strong>sequentem</strong></span> <span class='ocrx_word' id='word_1_125' title='bbox 1084 1666 1368 1718; x_wconf 86' lang='lat' dir='ltr'><strong>intercedit</strong></span> <span class='ocrx_word' id='word_1_126' title='bbox 1394 1667 1704 1733; x_wconf 80' lang='lat' dir='ltr'><strong>differentia</strong></span> 
     </span>
     <span class='ocr_line' id='line_1_22' title="bbox 91 1737 1704 1812; baseline 0.001 -20"><span class='ocrx_word' id='word_1_127' title='bbox 91 1759 151 1792; x_wconf 88' lang='lat' dir='ltr'><strong>ac</strong></span> <span class='ocrx_word' id='word_1_128' title='bbox 178 1739 324 1791; x_wconf 88' lang='lat' dir='ltr'><strong>inter</strong></span> <span class='ocrx_word' id='word_1_129' title='bbox 377 1744 448 1792; x_wconf 93' lang='lat' dir='ltr'><strong>D.</strong></span> <span class='ocrx_word' id='word_1_130' title='bbox 499 1755 901 1805; x_wconf 74' lang='lat' dir='ltr'><strong>macrosporum,</strong></span> <span class='ocrx_word' id='word_1_131' title='bbox 940 1751 990 1789; x_wconf 88' lang='lat' dir='ltr'><strong>et</strong></span> <span class='ocrx_word' id='word_1_132' title='bbox 1027 1737 1240 1791; x_wconf 73' lang='lat' dir='ltr'><strong>varium.</strong></span> <span class='ocrx_word' id='word_1_133' title='bbox 1311 1737 1473 1791; x_wconf 75' lang='lat' dir='ltr'><strong>Color</strong></span> <span class='ocrx_word' id='word_1_134' title='bbox 1527 1742 1704 1812; x_wconf 91' lang='lat' dir='ltr'><strong>spori-</strong></span> 
     </span>
     <span class='ocr_line' id='line_1_23' title="bbox 92 1809 1706 1880; baseline 0.001 -18"><span class='ocrx_word' id='word_1_135' title='bbox 92 1811 310 1863; x_wconf 80' lang='lat' dir='ltr'><strong>diorum</strong></span> <span class='ocrx_word' id='word_1_136' title='bbox 352 1810 577 1880; x_wconf 83' lang='lat' dir='ltr'><strong>insuper</strong></span> <span class='ocrx_word' id='word_1_137' title='bbox 613 1809 766 1861; x_wconf 82' lang='lat' dir='ltr'><strong>albus</strong></span> <span class='ocrx_word' id='word_1_138' title='bbox 813 1822 908 1863; x_wconf 85' lang='lat' dir='ltr'><strong>est.</strong></span> <span class='ocrx_word' id='word_1_139' title='bbox 981 1810 1074 1862; x_wconf 81' lang='lat' dir='ltr'><strong>Ad</strong></span> <span class='ocrx_word' id='word_1_140' title='bbox 1106 1812 1272 1862; x_wconf 79' lang='lat' dir='ltr'><strong>caules</strong></span> <span class='ocrx_word' id='word_1_141' title='bbox 1313 1811 1706 1880; x_wconf 73' lang='lat' dir='ltr'><strong>delique-scentes</strong></span> 
     </span>
     <span class='ocr_line' id='line_1_24' title="bbox 89 1879 945 1950; baseline -0.001 -18"><span class='ocrx_word' id='word_1_142' title='bbox 89 1884 417 1950; x_wconf 76' lang='lat' dir='ltr'><strong>plantarum,</strong></span> <span class='ocrx_word' id='word_1_143' title='bbox 456 1892 710 1932; x_wconf 80' lang='lat' dir='ltr'><strong>autumno.</strong></span> <span class='ocrx_word' id='word_1_144' title='bbox 747 1880 830 1949; x_wconf 87' lang='lat' dir='ltr'><strong>(V.</strong></span> <span class='ocrx_word' id='word_1_145' title='bbox 860 1879 945 1950; x_wconf 83' lang='lat' dir='ltr'><strong>V.)</strong></span> 
     </span>
    </p>

    <p class='ocr_par' dir='ltr' id='par_1_7' title="bbox 92 1951 1704 2164">
     <span class='ocr_line' id='line_1_25' title="bbox 92 1951 1702 2021; baseline 0.002 -16"><span class='ocrx_word' id='word_1_146' title='bbox 92 1954 144 2007; x_wconf 83' lang='lat'><strong>4.</strong></span> <span class='ocrx_word' id='word_1_147' title='bbox 235 1959 308 2008; x_wconf 90' lang='lat' dir='ltr'><strong>D.</strong></span> <span class='ocrx_word' id='word_1_148' title='bbox 339 1954 597 2013; x_wconf 80' lang='lat' dir='ltr'><strong>tenellum,</strong></span> <span class='ocrx_word' id='word_1_149' title='bbox 639 1952 830 2003; x_wconf 86' lang='lat' dir='ltr'><strong>floccos</strong></span> <span class='ocrx_word' id='word_1_150' title='bbox 869 1951 1170 2021; x_wconf 79' lang='lat' dir='ltr'><strong>aggregatis</strong></span> <span class='ocrx_word' id='word_1_151' title='bbox 1219 1951 1382 2020; x_wconf 86' lang='lat' dir='ltr'><strong>albis,</strong></span> <span class='ocrx_word' id='word_1_152' title='bbox 1431 1954 1702 2009; x_wconf 80' lang='lat' dir='ltr'><strong>fertilibus</strong></span> 
     </span>
     <span class='ocr_line' id='line_1_26' title="bbox 236 2021 1704 2094; baseline 0.003 -18"><span class='ocrx_word' id='word_1_153' title='bbox 236 2022 663 2076; x_wconf 82' lang='lat' dir='ltr'><strong>subverticillato</strong></span> <span class='ocrx_word' id='word_1_154' title='bbox 687 2023 999 2091; x_wconf 88' lang='lat' dir='ltr'><strong>-ramosis,</strong></span> <span class='ocrx_word' id='word_1_155' title='bbox 1056 2021 1312 2094; x_wconf 82' lang='lat' dir='ltr'><strong>sporidiis</strong></span> <span class='ocrx_word' id='word_1_156' title='bbox 1372 2027 1704 2094; x_wconf 84' lang='lat' dir='ltr'><strong>quaternatis</strong></span> 
     </span>
     <span class='ocr_line' id='line_1_27' title="bbox 242 2092 752 2164; baseline -0.002 -17"><span class='ocrx_word' id='word_1_157' title='bbox 242 2094 485 2148; x_wconf 86' lang='lat' dir='ltr'><strong>obovatis</strong></span> <span class='ocrx_word' id='word_1_158' title='bbox 513 2092 752 2164; x_wconf 80' lang='lat' dir='ltr'><strong>septatiS.</strong></span> 
     </span>
    </p>
   </div>
   <div class='ocr_carea' id='block_1_7' title="bbox 92 2177 1706 2904">
    <p class='ocr_par' dir='ltr' id='par_1_8' title="bbox 92 2177 1706 2904">
     <span class='ocr_line' id='line_1_28' title="bbox 232 2177 1704 2251; baseline 0.002 -20"><span class='ocrx_word' id='word_1_159' title='bbox 232 2179 412 2233; x_wconf 79' lang='lat' dir='ltr'><strong>Parva</strong></span> <span class='ocrx_word' id='word_1_160' title='bbox 452 2191 503 2231; x_wconf 91' lang='lat' dir='ltr'><strong>et</strong></span> <span class='ocrx_word' id='word_1_161' title='bbox 537 2179 806 2250; x_wconf 83' lang='lat' dir='ltr'><strong>pulchella</strong></span> <span class='ocrx_word' id='word_1_162' title='bbox 842 2177 1066 2249; x_wconf 86' lang='lat' dir='ltr'><strong>species,</strong></span> <span class='ocrx_word' id='word_1_163' title='bbox 1102 2199 1271 2251; x_wconf 87' lang='lat' dir='ltr'><strong>genus</strong></span> <span class='ocrx_word' id='word_1_164' title='bbox 1319 2191 1504 2232; x_wconf 79' lang='lat' dir='ltr'><strong>nostro</strong></span> <span class='ocrx_word' id='word_1_165' title='bbox 1544 2200 1704 2234; x_wconf 88' lang='lat' dir='ltr'><strong>sensu</strong></span> 
     </span>
     <span class='ocr_line' id='line_1_29' title="bbox 92 2250 1706 2323; baseline 0.002 -21"><span class='ocrx_word' id='word_1_166' title='bbox 92 2250 294 2302; x_wconf 87' lang='lat' dir='ltr'><strong>eximie</strong></span> <span class='ocrx_word' id='word_1_167' title='bbox 328 2251 629 2303; x_wconf 82' lang='lat' dir='ltr'><strong>illustrans.</strong></span> <span class='ocrx_word' id='word_1_168' title='bbox 695 2250 853 2302; x_wconf 87' lang='lat' dir='ltr'><strong>Nudo</strong></span> <span class='ocrx_word' id='word_1_169' title='bbox 886 2251 1041 2303; x_wconf 87' lang='lat' dir='ltr'><strong>oculo</strong></span> <span class='ocrx_word' id='word_1_170' title='bbox 1071 2271 1272 2323; x_wconf 32' lang='lat' dir='ltr'><strong>sparum</strong></span> <span class='ocrx_word' id='word_1_171' title='bbox 1294 2251 1554 2322; x_wconf 83' lang='lat' dir='ltr'><strong>insignis3</strong></span> <span class='ocrx_word' id='word_1_172' title='bbox 1588 2273 1706 2305; x_wconf 88' lang='lat' dir='ltr'><strong>ma-</strong></span> 
     </span>
     <span class='ocr_line' id='line_1_30' title="bbox 94 2321 1706 2390; baseline 0.002 -16"><span class='ocrx_word' id='word_1_173' title='bbox 94 2322 240 2374; x_wconf 87' lang='lat' dir='ltr'><strong>culas</strong></span> <span class='ocrx_word' id='word_1_174' title='bbox 282 2321 424 2374; x_wconf 88' lang='lat' dir='ltr'><strong>sistit</strong></span> <span class='ocrx_word' id='word_1_175' title='bbox 460 2322 795 2374; x_wconf 81' lang='lat' dir='ltr'><strong>mucedineas</strong></span> <span class='ocrx_word' id='word_1_176' title='bbox 841 2322 1019 2390; x_wconf 83' lang='lat' dir='ltr'><strong>albaS,</strong></span> <span class='ocrx_word' id='word_1_177' title='bbox 1061 2324 1161 2378; x_wconf 84' lang='lat' dir='ltr'><strong>vix</strong></span> <span class='ocrx_word' id='word_1_178' title='bbox 1214 2324 1490 2385; x_wconf 87' lang='lat' dir='ltr'><strong>rubentes,</strong></span> <span class='ocrx_word' id='word_1_179' title='bbox 1540 2325 1706 2378; x_wconf 86' lang='lat' dir='ltr'><strong>etiam</strong></span> 
     </span>
     <span class='ocr_line' id='line_1_31' title="bbox 96 2392 1703 2468; baseline 0.002 -24"><span class='ocrx_word' id='word_1_180' title='bbox 96 2393 194 2444; x_wconf 87' lang='lat' dir='ltr'><strong>sub</strong></span> <span class='ocrx_word' id='word_1_181' title='bbox 219 2394 364 2445; x_wconf 87' lang='lat' dir='ltr'><strong>lente</strong></span> <span class='ocrx_word' id='word_1_182' title='bbox 413 2392 649 2463; x_wconf 83' lang='lat' dir='ltr'><strong>simplici</strong></span> <span class='ocrx_word' id='word_1_183' title='bbox 694 2393 998 2464; x_wconf 77' lang='lat' dir='ltr'><strong>amm-phas·</strong></span> <span class='ocrx_word' id='word_1_184' title='bbox 1080 2394 1438 2465; x_wconf 86' lang='lat' dir='ltr'><strong>Microscopio</strong></span> <span class='ocrx_word' id='word_1_185' title='bbox 1484 2415 1703 2468; x_wconf 88' lang='lat' dir='ltr'><strong>compo-</strong></span> 
     </span>
     <span class='ocr_line' id='line_1_32' title="bbox 96 2463 1702 2539; baseline 0.003 -24"><span class='ocrx_word' id='word_1_186' title='bbox 96 2463 199 2515; x_wconf 83' lang='lat' dir='ltr'><strong>sito</strong></span> <span class='ocrx_word' id='word_1_187' title='bbox 229 2464 467 2539; x_wconf 86' lang='lat' dir='ltr'><strong>subjecta</strong></span> <span class='ocrx_word' id='word_1_188' title='bbox 501 2465 660 2516; x_wconf 75' lang='lat' dir='ltr'><strong>facile</strong></span> <span class='ocrx_word' id='word_1_189' title='bbox 691 2466 1089 2534; x_wconf 79' lang='lat' dir='ltr'><strong>distinguuntur</strong></span> <span class='ocrx_word' id='word_1_190' title='bbox 1111 2467 1264 2519; x_wconf 88' lang='lat' dir='ltr'><strong>flocci</strong></span> <span class='ocrx_word' id='word_1_191' title='bbox 1293 2466 1496 2519; x_wconf 82' lang='lat' dir='ltr'><strong>fertiles</strong></span> <span class='ocrx_word' id='word_1_192' title='bbox 1523 2469 1702 2535; x_wconf 83' lang='lat' dir='ltr'><strong>erecti,</strong></span> 
     </span>
     <span class='ocr_line' id='line_1_33' title="bbox 97 2534 1703 2607; baseline 0.004 -21"><span class='ocrx_word' id='word_1_193' title='bbox 97 2534 315 2598; x_wconf 80' lang='lat' dir='ltr'><strong>breves,</strong></span> <span class='ocrx_word' id='word_1_194' title='bbox 354 2536 569 2602; x_wconf 87' lang='lat' dir='ltr'><strong>tenelli,</strong></span> <span class='ocrx_word' id='word_1_195' title='bbox 613 2536 829 2607; x_wconf 84' lang='lat' dir='ltr'><strong>septati,</strong></span> <span class='ocrx_word' id='word_1_196' title='bbox 871 2536 1033 2589; x_wconf 80' lang='lat' dir='ltr'><strong>ramis</strong></span> <span class='ocrx_word' id='word_1_197' title='bbox 1059 2537 1342 2599; x_wconf 84' lang='lat' dir='ltr'><strong>brevibus,</strong></span> <span class='ocrx_word' id='word_1_198' title='bbox 1382 2538 1703 2607; x_wconf 86' lang='lat' dir='ltr'><strong>quibusdam</strong></span> 
     </span>
     <span class='ocr_line' id='line_1_34' title="bbox 96 2606 1703 2677; baseline 0.004 -19"><span class='ocrx_word' id='word_1_199' title='bbox 96 2606 469 2674; x_wconf 82' lang='lat' dir='ltr'><strong>verticillatis3</strong></span> <span class='ocrx_word' id='word_1_200' title='bbox 513 2606 751 2660; x_wconf 87' lang='lat' dir='ltr'><strong>minores</strong></span> <span class='ocrx_word' id='word_1_201' title='bbox 800 2608 1020 2677; x_wconf 85' lang='lat' dir='ltr'><strong>globulo</strong></span> <span class='ocrx_word' id='word_1_202' title='bbox 1066 2629 1109 2662; x_wconf 87' lang='lat' dir='ltr'><strong>s.</strong></span> <span class='ocrx_word' id='word_1_203' title='bbox 1148 2609 1198 2664; x_wconf 83' lang='lat' dir='ltr'><strong>d.</strong></span> <span class='ocrx_word' id='word_1_204' title='bbox 1245 2609 1538 2663; x_wconf 82' lang='lat' dir='ltr'><strong>Verticillii</strong></span> <span class='ocrx_word' id='word_1_205' title='bbox 1577 2623 1703 2664; x_wconf 84' lang='lat' dir='ltr'><strong>-ter-</strong></span> 
     </span>
     <span class='ocr_line' id='line_1_35' title="bbox 96 2676 1704 2752; baseline 0.004 -25"><span class='ocrx_word' id='word_1_206' title='bbox 96 2676 286 2728; x_wconf 86' lang='lat' dir='ltr'><strong>minati</strong></span> <span class='ocrx_word' id='word_1_207' title='bbox 304 2677 412 2730; x_wconf 88' lang='lat' dir='ltr'><strong>visi</strong></span> <span class='ocrx_word' id='word_1_208' title='bbox 441 2690 593 2743; x_wconf 79' lang='lat' dir='ltr'><strong>sunt3</strong></span> <span class='ocrx_word' id='word_1_209' title='bbox 646 2679 878 2752; x_wconf 82' lang='lat' dir='ltr'><strong>majores</strong></span> <span class='ocrx_word' id='word_1_210' title='bbox 915 2697 1046 2732; x_wconf 87' lang='lat' dir='ltr'><strong>vero</strong></span> <span class='ocrx_word' id='word_1_211' title='bbox 1082 2680 1338 2752; x_wconf 84' lang='lat' dir='ltr'><strong>sporidiis</strong></span> <span class='ocrx_word' id='word_1_212' title='bbox 1366 2682 1400 2733; x_wconf 82' lang='grc'><strong>3</strong></span> <span class='ocrx_word' id='word_1_213' title='bbox 1440 2680 1562 2742; x_wconf 82' lang='grc'><strong>-4,</strong></span> <span class='ocrx_word' id='word_1_214' title='bbox 1608 2683 1704 2734; x_wconf 79' lang='lat' dir='ltr'><strong>la·-</strong></span> 
     </span>
     <span class='ocr_line' id='line_1_36' title="bbox 96 2747 1701 2824; baseline 0.005 -25"><span class='ocrx_word' id='word_1_215' title='bbox 96 2747 213 2811; x_wconf 76' lang='lat' dir='ltr'><strong>xiS,</strong></span> <span class='ocrx_word' id='word_1_216' title='bbox 244 2747 518 2814; x_wconf 74' lang='lat' dir='ltr'><strong>obovatiS,</strong></span> <span class='ocrx_word' id='word_1_217' title='bbox 557 2751 759 2820; x_wconf 76' lang='lat' dir='ltr'><strong>opaciS,</strong></span> <span class='ocrx_word' id='word_1_218' title='bbox 798 2749 895 2801; x_wconf 89' lang='lat' dir='ltr'><strong>uni</strong></span> <span class='ocrx_word' id='word_1_219' title='bbox 936 2763 1131 2822; x_wconf 87' lang='lat' dir='ltr'><strong>puncto</strong></span> <span class='ocrx_word' id='word_1_220' title='bbox 1175 2752 1397 2817; x_wconf 77' lang='lat' dir='ltr'><strong>adfixi53</strong></span> <span class='ocrx_word' id='word_1_221' title='bbox 1446 2765 1593 2824; x_wconf 85' lang='lat' dir='ltr'><strong>septa</strong></span> <span class='ocrx_word' id='word_1_222' title='bbox 1632 2755 1701 2807; x_wconf 88' lang='lat' dir='ltr'><strong>ob</strong></span> 
     </span>
     <span class='ocr_line' id='line_1_37' title="bbox 99 2818 1701 2904; baseline 0.006 -35"><span class='ocrx_word' id='word_1_223' title='bbox 99 2818 333 2900; x_wconf 73' lang='lat' dir='ltr'><strong>sppridia</strong></span> <span class='ocrx_word' id='word_1_224' title='bbox 373 2819 551 2871; x_wconf 85' lang='lat' dir='ltr'><strong>floccis</strong></span> <span class='ocrx_word' id='word_1_225' title='bbox 597 2822 769 2891; x_wconf 85' lang='lat' dir='ltr'><strong>magis</strong></span> <span class='ocrx_word' id='word_1_226' title='bbox 817 2838 980 2904; x_wconf 66' lang='lat' dir='ltr'><strong>opaca</strong></span> <span class='ocrx_word' id='word_1_227' title='bbox 1033 2823 1132 2876; x_wconf 88' lang='lat' dir='ltr'><strong>sub</strong></span> <span class='ocrx_word' id='word_1_228' title='bbox 1169 2842 1374 2876; x_wconf 87' lang='lat' dir='ltr'><strong>summo</strong></span> <span class='ocrx_word' id='word_1_229' title='bbox 1414 2837 1701 2894; x_wconf 87' lang='lat' dir='ltr'><strong>augmento</strong></span> 
     </span>
    </p>
   </div>
   <div class='ocr_carea' id='block_1_8' title="bbox 98 2893 1702 3032">
    <p class='ocr_par' dir='ltr' id='par_1_9' title="bbox 98 2893 1702 3032">
     <span class='ocr_line' id='line_1_38' title="bbox 98 2893 1702 2971; baseline 0.003 -28"><span class='ocrx_word' id='word_1_230' title='bbox 98 2907 250 2971; x_wconf 64' lang='lat' dir='ltr'><strong>micr.</strong></span> <span class='ocrx_word' id='word_1_231' title='bbox 286 2909 456 2961; x_wconf 88' lang='lat' dir='ltr'><strong>comp.</strong></span> <span class='ocrx_word' id='word_1_232' title='bbox 496 2901 706 2947; x_wconf 81' lang='lat' dir='ltr'><strong>tantum</strong></span> <span class='ocrx_word' id='word_1_233' title='bbox 741 2893 1154 2968; x_wconf 80' lang='lat' dir='ltr'><strong>persplciuntur.</strong></span> <span class='ocrx_word' id='word_1_234' title='bbox 1220 2900 1361 2948; x_wconf 86' lang='lat' dir='ltr'><strong>Loco</strong></span> <span class='ocrx_word' id='word_1_235' title='bbox 1399 2905 1450 2949; x_wconf 82' lang='lat' dir='ltr'><strong>et</strong></span> <span class='ocrx_word' id='word_1_236' title='bbox 1480 2905 1702 2966; x_wconf 79' lang='lat' dir='ltr'><strong>tempore</strong></span> 
     </span>
     <span class='ocr_line' id='line_1_39' title="bbox 99 2961 601 3032; baseline 0.002 -17"><span class='ocrx_word' id='word_1_237' title='bbox 99 2970 176 3015; x_wconf 66' lang='grc' dir='ltr'><strong>τιτι</strong></span> <span class='ocrx_word' id='word_1_238' title='bbox 207 2961 371 3030; x_wconf 80' lang='lat' dir='ltr'><strong>prior.</strong></span> <span class='ocrx_word' id='word_1_239' title='bbox 404 2966 479 3032; x_wconf 73' lang='lat' dir='ltr'><strong>(v.</strong></span> <span class='ocrx_word' id='word_1_240' title='bbox 520 2967 601 3031; x_wconf 81' lang='lat' dir='ltr'><strong>v.)</strong></span> 
     </span>
    </p>
   </div>
  </div>
 </body>
</html>
