1887 3255
740 99 932 157 DiDE
943 99 1113 153 RMA·
1606 105 1702 159 107

75 251 231 289 nullam
254 248 424 292 Alam.
446 256 485 290 et
513 245 715 289 Schmin.
741 253 781 285 et
806 248 927 294 Nees,
976 245 1138 286 Reticet
1163 247 1346 284 Persoon
1361 273 1372 293 ‚
1396 249 1468 284 sed
1492 250 1543 285 ob
1572 252 1706 288 locum

77 308 335 351 inminibus
364 308 506 348 Solani
531 310 591 350 D.
614 304 847 359 L‘iceoicles,
877 304 957 343 nisi
977 313 1017 344 et
1042 305 1149 353 alia,
1182 304 1432 342 intellectum
1459 305 1578 343 facile
1613 320 1704 345 cre-

79 369 188 408 dam,
238 367 381 404 Planta
405 370 456 405 ab
475 368 530 408 A.
559 366 604 408 S,
629 363 832 412 descripta
858 371 918 400 est
948 365 1004 405 1),
1033 375 1309 414 cyanescen55
1344 361 1485 397 Neesii
1509 363 1612 400 sorte
1635 376 1706 402 ea-

81 427 191 475 dem,
216 427 292 464 sed
328 434 464 465 contra
498 434 656 462 morem
688 428 771 460 tam
808 423 980 460 obscure
1018 420 1250 475 delineata,
1282 427 1326 457 ut
1363 418 1480 457 citari
1511 431 1704 467 nequeat,

81 496 166 549 17.
252 499 316 548 D.
367 505 667 556 testaceum,
712 489 1261 561 applanato-sessile,
1295 488 1705 554 subrotundum‚

219 562 730 636 hemisphaericum,
762 560 974 632 peridio
1019 560 1281 612 exteriori
1320 560 1709 628 columellaque

225 634 497 689 coniormi
525 632 820 687 rufescenti
837 663 860 672 -
884 630 1108 693 carneis,
1153 630 1405 683 interiori
1442 631 1706 698 violaceo,

220 708 400 759 floccis
441 705 803 777 sporidiisque
834 702 1130 773 fuliginoso
1157 703 1388 772 -nigriS.

139 792 236 832 Did.
267 801 508 832 testaceum.
568 790 746 831 Schrad.
777 791 808 830 l.
851 805 887 829 c.
918 804 966 842 p.
1009 790 1082 831 25.
1118 796 1150 831 t.
1194 789 1236 827 5.
1278 790 1319 837 s.
1355 793 1400 843 1,
1443 794 1487 832 2,
1528 789 1709 834 ,Οῆρυυθ

193 863 291 903 par.
309 865 360 904 p.
384 850 489 897 334.
512 850 722 893 Diderma.
788 852 908 890 Pers.
931 862 1022 902 syn.
1049 862 1100 900 p.
1128 849 1226 886 167.
1247 847 1304 887 A.
1332 848 1374 890 S.
1422 863 1463 898 p,
1492 848 1564 893 89,
1622 850 1710 889 Re-

198 908 317 954 ticul,
348 908 663 959 sphaeroidalis,
723 908 768 959 β.
792 907 911 948 Ball.
937 907 970 950 2.
993 920 1029 950 c,
1043 921 1093 958 p.
1116 904 1189 950 94.
1231 907 1335 951 Dec,
1362 906 1393 948 l.
1425 921 1463 951 c.

251 978 573 1042 Pulchrum,
618 974 1002 1045 irregulariter
1041 973 1376 1044 gregarium,
1418 996 1544 1030 raro
1579 998 1709 1031 con..

84 1052 274 1112 fluens,
304 1049 422 1101 basi
442 1049 823 1120 'applanatunn
862 1046 1229 1111 rotundatum,
1261 1052 1296 1110 ὲ
1332 1045 1426 1101 lin.
1459 1050 1492 1102 l,
1525 1051 1713 1120 paullo

84 1124 231 1174 ultra
265 1121 455 1175 latum.
527 1119 813 1173 Peridium
855 1116 1095 1169 exterius
1135 1136 1162 1169 e
1200 1129 1341 1169 statu
1366 1119 1713 1186 primordiali

87 1193 225 1254 albo,
257 1212 392 1245 mox
420 1189 1025 1252 rubescenti-rubrum,
1059 1188 1185 1240 dein
1221 1188 1493 1242 rubellum
1529 1192 1567 1242 l.
1595 1211 1714 1244 car-

54 1280 57 1284 ’
86 1285 188 1317 neo
203 1295 228 1306 -
245 1263 501 1326 albidum,
530 1260 901 1332 irregulariter
920 1259 1216 1325 dehiscens,
1237 1260 1411 1327 laeve,
1428 1261 1675 1316 secedens
1695 1283 1711 1327 3

86 1336 310 1389 interius
339 1335 720 1387 tenuissimum
746 1373 777 1395 ‚‚
795 1331 1021 1383 dilute“
1059 1342 1151 1382 aut
1182 1332 1331 1383 fusco
1349 1334 1713 1397 -violaceum,

86 1408 288 1462 vertice
348 1407 648 1459 dehiscens·
749 1402 1052 1457 Columella
1096 1401 1387 1455 admodum
1443 1404 1715 1472 distincta,

88 1478 553 1547 hemisphaerica,
592 1475 1161 1534 rufescenti-carnea,
1214 1473 1276 1524 in
1328 1475 1717 1545 speciminibus

90 1549 203 1604 Cel.
247 1545 749 1604 GHEVALLIER
779 1545 979 1600 albida.
1047 1545 1138 1598 Ad
1171 1546 1354 1606 caules,
1380 1545 1530 1614 folia
1578 1548 1718 1601 deci-

87 1623 190 1682 dua
227 1634 322 1676 etc.
355 1619 568 1691 passim,
600 1628 857 1670 autumno,
904 1618 983 1683 (v.
1015 1621 1098 1685 v.)

207 1709 331 1752 obs.
390 1707 557 1746 Adsunt
591 1704 750 1744 formae
793 1705 996 1751 quaedam
1037 1699 1212 1755 astina,
1249 1710 1290 1741 at
1328 1702 1406 1742 vix
1455 1707 1720 1764 distinguam,

90 1768 174 1808 nisi
198 1769 338 1808 forsan
367 1764 594 1816 specimina
634 1761 860 1813 lignatilia
905 1774 929 1800 a
968 1759 1219 1809 Mougeotio
1249 1760 1403 1818 missa,
1440 1777 1545 1815 quae
1585 1767 1725 1818 stipite

90 1829 269 1876 quodam
293 1824 435 1876 spurio
466 1823 738 1862 decumbente
770 1819 927 1870 passim
954 1819 1150 1864 instructa
1189 1826 1300 1863 sunt.

92 1894 178 1959 18.
257 1901 327 1949 D.
368 1892 662 1956 Liceoides,
701 1887 1259 1961 applanato-sessile,
1300 1890 1536 1954 varium,
1575 1892 1727 1964 peri-

240 1967 330 2019 dio
381 1961 645 2017 exteriori
681 1963 804 2013 albo
848 1959 1091 2024 deciduo,
1131 1958 1388 2013 interiori
1437 1964 1724 2032 floccisque

241 2035 528 2098 obsoletiS,
560 2032 851 2086 columella
888 2032 1139 2105 depressa
1172 2042 1426 2096 testacea,
1464 2035 1722 2107 sporidiis

239 2121 392 2162 atrls.

156 2197 299 2243 Licea.
361 2195 494 2239 Herb.
537 2191 815 2240 Willdenow,
831 2191 850 2231 !

237 2266 521 2340 Sparsum,
557 2262 746 2319 variae
774 2263 989 2332 figurae,
1020 2260 1386 2322 rotundatum,
1418 2259 1722 2332 oblongum,

99 2359 354 2413 serpens3
389 2337 666 2410 peridium
704 2333 943 2386 exterius
981 2334 1142 2386 modo
1178 2332 1327 2396 vidi,
1365 2333 1456 2385 sed
1492 2333 1723 2404 fungum

95 2413 260 2485 hujus
297 2430 410 2463 esse
447 2407 660 2480 generis
700 2405 926 2459 minime
965 2404 1286 2465 dubitamus,
1321 2425 1442 2456 cum
1471 2405 1575 2459 hoc
1597 2425 1722 2458 cru-

100 2496 337 2537 staceum
377 2501 407 2534 a
443 2481 602 2552 gleba
632 2479 850 2531 interna
886 2477 1047 2529 facile
1093 2476 1351 2544 dissiliat,
1428 2476 1545 2529 basi
1599 2489 1720 2528 tan-

100 2567 229 2610 tum*
264 2554 584 2627 persistente
618 2549 1034 2605 subrufescente.
1108 2545 1411 2601 Columella
1447 2548 1569 2620 plus
1615 2547 1722 2600 mi-

99 2638 202 2679 nus
241 2625 585 2698 prominens,
642 2633 886 2675 testacea.
990 2618 1248 2691 Sporidia
1285 2620 1534 2690 globosa,
1582 2631 1720 2672 atra.

99 2698 322 2752 Flaccos
352 2696 542 2750 videre
570 2714 682 2748 non
720 2691 978 2762 contigit3
1024 2691 1116 2744 sed
1152 2691 1213 2744 in
1248 2690 1417 2745 variis
1460 2689 1583 2742 aliis
1623 2691 1723 2742 ob-

99 2769 258 2836 soleti
301 2766 436 2822 ‘sunt
479 2766 766 2840 praecipue
812 2762 1311 2836 melanospermi53·
1351 2760 1721 2833 (copiosiores

103 2852 290 2904 contra
323 2840 518 2896 adsunt
552 2838 613 2892 in
653 2835 1108 2912 phaeospermis.)
1186 2835 1276 2889 Ad
1311 2834 1478 2887 caules
1509 2834 1726 2900 planta-

102 2932 216 2967 rum
239 2912 545 2967 exsiccatos.
571 2916 654 2980 (V.
693 2930 734 2965 S.
771 2907 934 2964 etiam
954 2925 985 2960 a
1008 2905 1301 2962 Wallroth
1331 2916 1427 2960 etc.
1450 2903 1731 2977 missum).
