1887 3255
620 116 1160 175 RETlcULAfflA
1631 136 1701 190 39

228 259 432 315 culatis
458 263 1124 337 clavato-appendiculatis
1148 266 1507 340 sporidiisque
1539 274 1704 330 ‹lilutc

231 333 409 403 griseo
424 362 449 375 -
461 335 644 387 fuscis.

128 422 433 471 'Diphtherium
458 424 744 467 flavosuscum.
801 421 1021 466 Ehrenb.!
1057 423 1154 473 silv,
1180 428 1285 471 Ber.
1317 441 1370 481 ῃ.
1401 431 1475 474 27.
1505 434 1537 477 f.
1568 437 1623 481 35
1665 439 1707 479 A

205 480 489 537 (flavosusea).
527 483 580 527 B.
612 482 837 537 (cinerea).

271 552 508 608 Habitus
560 569 771 623 prorsus
821 553 890 603 R.
925 550 1190 603 umbrinae
1239 566 1291 606 et
1336 556 1522 611 forsan
1564 560 1710 614 inter

91 625 207 702 ejus
245 643 552 707 synonyma
590 622 792 694 passim
818 621 976 687 latet3
1021 622 1099 675 sic
1128 622 1189 676 in
1221 624 1339 696 ipso
1369 635 1561 699 Lyn-og,
1593 635 1713 699 gri..

90 718 174 751 seo
214 697 380 749 Mmh.
412 695 490 747 nil
528 695 732 762 obstat,
770 692 901 765 quin
938 695 1044 748 huc
1076 695 1235 750 citari
1263 714 1456 768 posset.
1513 707 1584 755 At
1624 723 1712 756 ce·-

91 785 266 826 terum
304 766 505 819 eximie
544 765 761 820 diversa
793 767 1079 838 praecipue
1113 769 1323 838 peridio
1366 775 1714 827 membrana-

93 861 186 896 ceo
232 838 456 893 insolito
496 840 657 891 firmo
698 838 1060 912 sporidiisque
1115 840 1487 910 dilatioribus,
1520 846 1714 915 quibus

80 910 416 968 differentiis
448 909 729 983 Lycogala
765 910 950 968 refert.
1041 910 1246 965 Forma
1287 913 1717 988 hemisphaerica

95 1007 125 1040 e
149 983 362 1059 generis
401 1002 553 1035 more
583 982 717 1035 locis
749 982 1048 1036 declivibus
1089 984 1308 1054 obliqua
1351 987 1492 1056 (uun
1524 990 1716 1058 gelati-

93 1078 168 1113 na
198 1058 451 1111 deorsum
490 1067 744 1106 manante
786 1075 1017 1127 superne
1049 1055 1404 1128 hypothallus
1440 1060 1632 1128 oritur)
1676 1062 1715 1114 l.

93 1129 333 1204 pendula
369 1126 746 1181 subturbinata
767 1166 783 1195 ,
826 1126 1052 1180 uncialis
1096 1128 1326 1183 circiter.
1405 1128 1574 1184 Color
1603 1130 1719 1204 pri-

96 1222 188 1257 mo
228 1201 412 1268 albus,
467 1198 594 1252 dein
618 1199 1133 1261 flavo-umbrinus,
1171 1200 1448 1255 interdum
1478 1205 1720 1256 macula-

97 1287 203 1341 tus,
242 1274 280 1325 l.
313 1272 576 1327 cinereus.
636 1270 979 1344 CapiHitium
1022 1271 1133 1345 jam
1167 1272 1228 1325 in
1263 1274 1537 1345 prioribus
1571 1276 1721 1346 peri-

100 1346 192 1398 dio
237 1345 496 1398 adnatum
536 1342 806 1410 vidimus,
859 1344 950 1395 sed
1001 1343 1063 1396 in
1095 1344 1198 1396 hoc
1226 1346 1311 1413 (ut
1349 1348 1721 1416 sequentibus)

98 1417 399 1490 parietibus
439 1415 642 1485 magis,
676 1434 836 1484 quam
872 1413 988 1467 basi
1020 1416 1276 1469 adnatum
1289 1429 1393 1482 est3
1426 1418 1608 1471 floccis
1629 1437 1723 1470 ra·-

99 1489 265 1543 mosis
324 1487 584 1540 flexuosis
632 1486 1011 1555 inaequalibus
1066 1489 1590 1542 anastomosantibus
1627 1510 1724 1560 ap-

100 1559 506 1634 pendiculisque
536 1558 762 1610 clavatis
796 1556 982 1609 auctis.
1082 1558 1175 1611 Ad
1231 1570 1436 1612 truncos
1477 1573 1726 1613 emortuos

99 1633 392 1686 exsiccatos
403 1668 420 1696 ,
452 1642 708 1686 autumno,
751 1630 826 1695 (V.
853 1649 909 1682 v.
950 1641 1002 1680 et
1045 1646 1088 1682 s.
1124 1628 1185 1680 in
1204 1630 1653 1699 herbAEhrenb.)

102 1718 154 1773 6.
210 1722 283 1773 R,
323 1714 601 1782 ungulina,
654 1712 867 1786 peridio
906 1711 1340 1783 hemisphaerion
1377 1716 1526 1771 laevi
1567 1720 1728 1771 firmo

247 1808 277 1842 e
311 1799 542 1840 testaceo
580 1786 923 1859 expellente,
985 1804 1016 1836 a
1059 1795 1243 1836 centro
1278 1786 1534 1842 radiatim
1573 1790 1727 1842 dehi-

245 1872 455 1921 scente,
492 1859 674 1913 floccis
709 1856 1008 1910 reticulatis
1045 1855 1407 1929 sporidiisque
1443 1861 1730 1914 fusco-oli..

287 1951 447 1985 36615.

160 1953 439 2059 Lyciiperdon
467 2003 726 2056 ungulinum.
778 2002 978 2050 &hams
1010 2003 1146 2046 Saell.
1166 2007 1211 2048 2.
1243 2018 1293 2058 p.
1322 2007 1421 2054 192,
1457 2006 1729 2054 Reticularia,

219 2066 293 2110 ΓΖ.
323 2067 440 2109 Dan,
477 2071 513 2109 t.
543 2063 673 2105 1977.
715 2062 755 2110 f,
794 2065 840 2107 2.

244 2133 503 2188 Eximius
532 2131 828 2200 sungillus,
875 2130 1086 2203 peridio
1123 2149 1428 2204 papyraceo
1467 2151 1499 2183 a
1531 2153 1731 2202 genere

104 2206 388 2268 recedens,
424 2206 516 2260 sed
543 2203 812 2276 aptiorem
839 2203 1021 2256 locum
1054 2222 1163 2254 non
1195 2202 1345 2256 novi.
1444 2203 1730 2259 Peridium

103 2279 488 2341 rotundatum,
518 2277 860 2349 depressum,
900 2275 1014 2328 basi
1036 2276 1290 2348 planum,
1328 2274 1368 2325 2
1397 2275 1496 2329 lin.
1536 2277 1729 2340 latum,

104 2352 280 2413 laeve,
308 2370 336 2402 e
357 2362 587 2406 testaceo
613 2347 914 2421 expallens,
947 2347 1164 2398 demum
1189 2346 1523 2401 umbrinum.
1580 2348 1731 2400 Pha-

109 2423 380 2476 cidiorum
432 2421 466 2474 l.
510 2419 689 2494 potius
731 2416 1118 2471 Didermatum
1154 2419 1543 2471 nonnullorum
1577 2439 1731 2472 more

109 2492 426 2549 stellatim'a
459 2504 643 2546 centro
675 2490 904 2544 dehiscit
918 2526 942 2551 r
971 2489 1187 2542 laciniis
1226 2489 1603 2559 inaequalibus
1635 2492 1731 2542 de-

109 2565 328 2640 pressis.
373 2562 716 2637 Capillitium
753 2562 1096 2614 reticulatum
1120 2563 1332 2615 Auctor
1363 2561 1426 2614 in
1462 2561 1731 2614 schedulis

109 2637 341 2691 notavit.
401 2642 469 2690 In
489 2635 694 2705 ungulis
728 2633 1134 2705 putrescentibus
1169 2633 1380 2702 equini&
1444 2635 1523 2699 (v.
1561 2633 1663 2705 ic.)

108 2726 166 2780 7.
271 2727 343 2775 R.
390 2721 642 2784 οῑίυασεα,
702 2717 914 2792 peridio
966 2717 1377 2770 membranaceo
1434 2717 1733 2788 subplicato

251 2793 518 2867 hyalino,
563 2793 744 2846 floccis
782 2788 991 2842 adnatis
1026 2789 1370 2842 dendroideis
1416 2789 1732 2852 reticulatiS,

258 2863 511 2936 sporidiis
545 2860 1016 2916 viridi-olivaceis.
1042 2866 1132 2913 Fr.
1151 2861 1314 2928 stirp.
1353 2865 1516 2913 Fems.
1535 2881 1594 2929 p.
1617 2862 1736 2917 147.

295 2935 699 3010 Hypothallum
733 2933 1045 2986 distinctum
1073 2951 1186 2984 non
1221 2932 1398 2985 video.
1451 2931 1736 2985 Peridium

116 3009 512 3077 tenuissimum,
536 3007 1028 3072 membranaceum,
1059 3015 1239 3057 tamen
1275 3003 1402 3057 satis
1425 3004 1735 3081 persistens,
