1887 3255
611 99 1206 196 comoMYcETEs
1601 142 1708 196 4⁵⁵

224 282 536 337 Substantia
582 281 824 334 farinOsa
884 281 1194 349 germinum
1238 279 1433 347 Sorghi
1476 282 1704 346 vulgaris

79 353 319 423 primum
367 355 522 408 rimis
565 352 729 406 variis
771 366 1063 422 separatur,
1091 352 1164 404 ita
1199 364 1258 404 ut
1287 350 1487 404 semina
1528 351 1697 407 hient.

80 425 228 484 Tum
272 427 511 497 sporidia
557 424 836 484 oriuntur,
883 443 1051 492 usque
1094 425 1221 475 dum
1266 435 1376 475 tota
1412 441 1696 494 compages

77 497 341 565 germinis
389 499 447 550 in
491 494 726 567 sporidia
768 494 985 564 delapsa
1026 495 1108 546 sit.
1185 494 1523 546 Exci-escunt
1562 514 1695 563 quo-

76 587 178 636 que
212 570 425 638 glumae
453 568 512 619 in
549 564 787 636 apicibus
820 567 1159 617 ramulorum
1199 565 1481 636 paniculae
1516 566 1694 636 spor-i-

75 638 164 689 dia
201 644 251 691 et
285 653 461 710 partes
492 637 644 689 floris
683 636 904 687 mutilas
944 638 1296 689 continentes.
1379 635 1492 690 Sub
1534 637 1688 692 micr.

74 711 362 782 composito
411 707 588 760 acervi
631 708 894 778 compacti
936 709 1356 778 conspiciuntur,
1405 727 1539 776 aqua
1595 708 1690 760 ad-

74 780 193 832 fusa
244 801 353 832 non
402 780 739 843 diffluentes,
792 798 820 829 e
861 779 1053 846 quibus
1099 779 1247 830 flocci
1292 779 1562 847 simplices
1600 793 1691 830 ant

73 852 237 906 semel
268 851 474 904 ramosi
503 862 705 903 exeunt
742 861 928 901 tenues
956 850 1165 921 septati,
1196 850 1351 921 pauci
1390 861 1594 902 tantum
1631 851 1691 902 in

70 922 287 991 singulo
317 941 528 976 acervo.
597 920 855 991 Sporidia
894 921 1212 992 compressis
1242 921 1447 972 acervis
1484 922 1544 972 in
1565 942 1691 973 con-

68 1005 306 1062 spectum
337 995 606 1065 prodeunt
642 993 882 1063 globosa,
926 1006 1007 1044 sat
1055 1012 1279 1061 magna,
1326 992 1535 1044 minora
1573 1013 1689 1044 ma-

70 1063 278 1135 joribus
309 1064 649 1118 intermixla.
737 1065 894 1118 Link.
959 1070 1109 1115 Intra
1150 1063 1389 1131 germina
1415 1065 1607 1130 Sorglzi
1636 1066 1689 1115 in

65 1139 317 1205 Aegypto.
371 1137 455 1208 (v.
487 1158 528 1193 s.
573 1136 634 1200 in
668 1134 822 1188 herb.
865 1135 1124 1202 Ehrenb.)

500 1506 847 1548 CLAssls
899 1509 1252 1565 QUARTA,

364 1599 1372 1664 GONIOMYCETES.

200 1728 430 1783 CHAR.
501 1731 754 1802 Sporidia
800 1733 945 1783 nuda
983 1734 1204 1802 (absque
1248 1733 1538 1806 hymenio,
1584 1758 1678 1808 pe-

56 1800 313 1868 rithecio‚
350 1801 590 1873 peridio,
637 1803 772 1855 ascis
811 1816 860 1855 et
890 1804 1069 1856 floccis
1107 1805 1528 1875 sporidiiseris)‚
1579 1812 1677 1862 sub

55 1873 387 1944 epidermide
423 1874 730 1944 plantarum
761 1876 851 1925 vel
889 1875 1033 1927 intra
1067 1877 1349 1929 matricem
1386 1892 1530 1932 nata.

201 1955 691 2011 DEfsCRlPTlO.
767 1958 1138 2013 Formationes
1178 1962 1392 2030 variae,
1440 1984 1509 2015 ex
1548 1966 1673 2019 aliis

52 2042 251 2112 plantis
295 2058 506 2111 enatae,
566 2065 724 2116 saepe
767 2047 832 2097 ab
869 2066 1056 2099 earum
1096 2048 1309 2117 organis
1358 2047 1675 2123 (Entophyti

50 2113 124 2183 pl.
161 2113 302 2184 viv.)
346 2118 433 2168 vel
471 2117 590 2170 aliis
637 2117 844 2187 Fungis
893 2119 1379 2188 deliquescentibus
1422 2140 1674 2174 anamor-

48 2184 208 2254 phosi
247 2200 409 2242 ortae.
486 2187 736 2261 Systema
770 2190 1137 2258 vegetativum
1173 2204 1263 2242 aut
1294 2192 1509 2245 nullum
1540 2214 1669 2263 pro-

47 2255 230 2324 prium
278 2260 506 2324 (matrix
543 2273 658 2313 tum
691 2260 804 2335 ejus
842 2261 1053 2314 vicibus
1092 2263 1390 2332 fungitur),
1426 2277 1517 2315 aut
1553 2285 1670 2316 ma-

48 2325 172 2377 trici
214 2327 496 2391 innatum,
537 2352 641 2401 quo
675 2333 740 2384 ab
780 2334 1249 2404 Hyphonzycetz‘baets
1283 2335 1563 2402 recedunt,
1607 2337 1668 2389 iu

46 2409 250 2450 stroma
302 2400 580 2472 (spurium
620 2405 811 2471 vulgo)
859 2405 1061 2459 abiens.
1143 2405 1319 2459 Unica
1357 2407 1666 2479 morphosis

46 2479 124 2520 est
159 2471 524 2539 sporidiorum
562 2476 836 2529 formatio.
913 2475 1065 2529 Haec
1095 2477 1236 2529 intra
1273 2478 1537 2531 matricem
1560 2481 1666 2531 ori..

42 2550 220 2605 matur,
272 2544 362 2594 sed
415 2546 541 2598 dein
588 2566 793 2617 semper
845 2548 967 2617 plus
1015 2548 1196 2602 minus
1238 2564 1527 2623 erumpunt
1573 2563 1665 2603 aut

43 2610 414 2678 denudantur,
452 2616 621 2671 immo
662 2619 986 2671 liberantur.

43 2764 48 2767 .
184 2694 621 2756 AFFINITAS.
690 2702 921 2770 Qualem
938 2701 1081 2756 hanc
1117 2704 1338 2758 classem
1360 2717 1483 2758 ante
1502 2707 1665 2778 plura

42 2764 213 2816 lustra
251 2786 372 2820 cum
421 2772 797 2844 inclytissimis
850 2772 1186 2846 Mycologis,
1248 2789 1302 2828 at
1335 2778 1523 2848 paullo
1561 2779 1664 2830 ali-

41 2848 124 2915 ter
160 2836 474 2908 limitatam,
510 2845 797 2915 proposui,
839 2846 904 2897 ad
937 2865 1143 2900 nexum
1178 2867 1299 2900 cum
1332 2850 1662 2920 praeceden-

44 2906 182 2987 tibus
214 2913 538 2966 servandum
577 2916 738 2968 etiam
771 2916 876 2982 hoc
908 2916 1028 2970 loco
1065 2918 1306 2991 recipere
1346 2920 1537 2989 debui,
1590 2923 1662 2974 li-

37 2988 118 3028 cet
150 2996 262 3050 jam
303 2983 444 3038 mihi
497 3006 817 3058 persuasum
860 2987 949 3056 sit,
993 2999 1112 3044 eam
1155 3009 1323 3059 aeque
1362 2991 1526 3060 bene,
1573 2995 1661 3048 vel

1181 3062 1309 3114 N2
