1887 3255
643 125 1118 180 COLLAMUM.
1595 127 1701 177 441

72 259 420 340 respondens.
497 265 682 320 Flocci
740 284 890 317 mere
942 266 1235 335 mycellum
1288 265 1515 328 sistuut3
1568 285 1693 336 spo-

70 342 211 393 ridia
272 341 329 393 in
390 339 663 410 speciebus
722 336 857 389 visis
917 338 1286 405 conglutinata
1350 336 1409 389 in
1470 354 1693 387 acervos

69 411 285 464 matrici
333 412 705 472 inhaerentes3
758 427 1054 475 numquam
1102 430 1129 460 e
1163 410 1350 468 floccis.
1387 419 1505 461 orta
1555 407 1702 462 vidi.⁴

42 485 159 535 -Ad
216 482 518 550 Fusisporia
581 480 709 531 hinc
759 480 1001 548 proxime
1051 483 1356 545 accedunt,'
1402 499 1471 531 ne
1514 477 1693 529 dicam

71 557 295 621 abeunt,
350 574 471 605 cum
520 547 731 604 ‘exstent
776 561 943 601 status
999 551 1190 603 horum
1249 550 1533 624 sporidiis,
1591 567 1691 620 po-

69 627 176 678 tius
224 624 488 694 goniffiis,
553 619 808 691 globosiS.
910 625 977 673 At
1019 624 1231 675 Collarii
1286 621 1527 694 sporidia
1572 620 1692 672 evi-

70 698 260 749 deuter
301 695 536 767 perfecta
571 704 724 754 sunt,
761 711 950 744 eorum
992 695 1236 747 acervuli
1274 693 1510 748 discreti.
1577 691 1689 743 No-

70 789 194 819 men
251 785 280 818 a
325 767 441 817 loco
491 763 690 835 speciei
741 763 952 835 primae
1012 764 1266 819 inventae
1325 767 1391 819 ob
1449 763 1689 837 sporidia

69 837 311 892 omnium
345 834 712 905 conglutinata
750 846 934 906 aptum
972 847 1066 891 est.

66 924 115 975 l.
212 926 264 974 G.
287 918 522 991 flaviam,
562 918 745 972 floccis
789 920 1007 972 tenellis
1047 921 1490 974 evanescentibus
1530 924 1687 982 albis,

208 991 467 1063 sporidiis
505 990 566 1042 in
608 991 889 1043 tubercula
932 993 1073 1044 flava
1108 993 1512 1063 conglutinatis.

203 1077 248 1128 E
287 1075 419 1130 cibis
463 1079 734 1150 corruptis
770 1080 1124 1151 protuberant
1161 1083 1343 1136 acervi
1380 1082 1529 1149 flavi,
1570 1084 1687 1134 sere

65 1148 265 1216 innati,
320 1169 465 1200 nunc
517 1150 857 1219 globulares,
907 1172 1051 1204 nunc
1113 1153 1298 1218 effusi,
1353 1172 1381 1205 e
1427 1155 1685 1225 sporidiis

65 1232 208 1272 arcte
247 1220 631 1288 conglutinatis
657 1221 800 1276 facti.
878 1221 1028 1275 Haec
1060 1224 1338 1276 tubercula
1363 1225 1534 1278 cincta
1562 1241 1686 1278 sunt

63 1292 243 1344 floccis
260 1292 475 1344 tenellis
500 1293 832 1346 mucedineis
855 1296 1317 1362 evanescentibus,
1340 1316 1506 1364 quare
1534 1318 1685 1349 acer-

61 1363 119 1416 vi
159 1363 259 1415 soli
305 1364 522 1415 demum
567 1377 871 1436 supersunt.
949 1368 1087 1433 Legi
1123 1367 1180 1417 in
1219 1369 1387 1436 pastis
1422 1389 1449 1418 e
1496 1371 1685 1436 fare‘mc

61 1440 271 1487 Avenae
305 1434 568 1500 conlecti-3.
619 1441 695 1503 (v.
737 1441 814 1504 v.)

61 1520 113 1573 2.
212 1526 261 1572 G.
306 1520 659 1585 gramdosum,
723 1518 896 1572 floccis
960 1522 1175 1573 tenellis
1238 1522 1680 1578 evanescentibus

204 1589 694 1656 nigro-cinewis,
761 1590 1020 1661 sporidiis
1079 1592 1137 1642 in
1193 1594 1440 1662 globulos
1497 1611 1683 1650 ovatus

202 1661 523 1724 granulosos
558 1680 752 1730 opacos
783 1662 1183 1729 conglutinatis.

120 1748 354 1788 Aleurisma
382 1750 661 1797 granulosum.
706 1752 847 1793 Mart.
876 1750 977 1795 Erl,
1005 1764 1053 1802 p.
1085 1750 1186 1794 335.
1217 1751 1545 1801 Sporotrichum,
1578 1756 1687 1794 Link

174 1805 324 1851 Jahrb,
357 1805 396 1845 d.
431 1807 673 1854 Gewc‘ichsk.
706 1811 746 1855 1.
770 1821 821 1860 p.
859 1807 962 1854 183.
1010 1807 1323 1850 Coceotrichum
1359 1812 1529 1857 Martii.
1577 1814 1686 1853 Link

178 1868 299 1917 Spec,
329 1866 367 1903 1.
393 1878 440 1916 p,
470 1865 544 1907 26.

206 1933 487 2001 Quatenus
532 1933 671 1984 hanc
715 1933 949 2004 speciem
1000 1954 1112 1988 non
1155 1936 1332 1988 visam
1378 1937 1684 2007 intelligere

63 2024 310 2077 possum,
361 2003 522 2076 hujus
584 2003 654 2055 sit
698 2005 915 2073 generis
1003 2008 1345 2077 „Sporidia“
1408 2010 1681 2074 maxima,

61 2077 236 2142 nuda,
272 2078 588 2143 gratxulosa,
617 2075 943 2146 irregularia
982 2078 1252 2149 (sporitlia
1294 2100 1576 2149 numquam
1604 2082 1681 2132 ir-

61 2147 336 2217 regularia
375 2151 523 2213 sunt)
548 2145 726 2198 floccis
764 2148 1092 2221 interspersa
1136 2170 1234 2220 pro
1275 2171 1467 2204 acervo
1503 2155 1679 2225 speri-

63 2220 279 2272 diorum
324 2217 692 2287 conglutinam
734 2219 924 2272 habeo.
997 2219 1228 2290 Reliqua
1282 2243 1402 2276 cum
1452 2224 1551 2276 hoc
1587 2232 1720 2290 ge-‘

60 2310 190 2344 nere
231 2289 432 2360 optime
473 2289 806 2359 conspirant,
848 2292 1017 2344 immo
1054 2293 1202 2345 locus
1245 2294 1305 2345 in
1337 2294 1461 2347 aliis
1496 2316 1680 2349 muce-

62 2361 234 2414 dineis
274 2361 715 2432 subparasiticus.
795 2367 862 2414 In
888 2364 1183 2431 corporibus
1220 2368 1494 2435 corruptis·
1576 2374 1680 2420 Le-

60 2445 196 2486 ctum
229 2433 286 2483 in
321 2438 522 2501 Syrupo
557 2432 803 2485 Diacodii
840 2436 1122 2502 Erlangae.

59 2519 110 2573 3.
207 2522 260 2570 0.
313 2517 743 2585 nigrospermmn,
798 2522 1323 2591 (melanospermum),
1373 2521 1553 2575 floccis
1601 2522 1678 2572 la-

199 2589 630 2660 noso-stuposis
695 2590 1107 2660 persistentibus
1182 2594 1349 2653 albis,
1423 2592 1678 2665 sporidiis

201 2658 440 2728 globosis
478 2661 539 2711 in
573 2679 794 2713 acervos
825 2663 1012 2733 nigros
1047 2665 1441 2735 conglutinatiS.

118 2762 229 2806 con.
256 2758 588 2811 nigrispermum.
647 2761 788 2801 Link!
826 2763 925 2810 Οόε,
961 2767 1002 2808 l.
1038 2779 1085 2818 p.
1120 2767 1190 2810 15.
1224 2767 1264 2814 f.
1299 2769 1368 2812 11.
1416 2769 1527 2806 Nees
1564 2771 1675 2821 Sys!-

169 2819 210 2867 Τ.
243 2816 316 2863 42.
353 2818 474 2859 Chen.
502 2824 607 2862 Par.
638 2826 672 2862 t.
703 2819 746 2862 4.
776 2821 820 2871 f.
852 2823 897 2867 7.
939 2824 1118 2876 (Omnes
1146 2827 1286 2865 icones
1330 2837 1354 2864 e
1396 2826 1548 2866 Linkio
1587 2841 1679 2866 mu·-

174 2884 310 2916 tuatae
370 2876 522 2917 floccos
572 2879 862 2919 decumbentes
914 2890 990 2923 etc.
1035 2883 1220 2936 sistunt.)
1286 2880 1472 2931 Sporotr.
1518 2885 1678 2928 Cellae.
1737 2881 1740 2895 ¹

166 2933 279 2973 Link
313 2935 466 2982 Jahrb,
499 2937 530 2976 l.
566 2948 603 2979 c.
641 2949 692 2988 p.
739 2937 839 2982 182.
890 2942 1010 2992 Spec,
1051 2956 1096 2993 p,
1135 2944 1204 2986 19.
1248 2945 1365 2984 Pers.
1413 2944 1530 2996 Dsyc.
1569 2947 1680 2988 Eur⁴

182 2995 217 3030 1-
252 3005 297 3043 p.
335 2992 411 3039 82.
