1887 3255
726 105 1072 162 TORULA.
1601 100 1710 155 499

100 250 194 322 qui
231 249 440 305 curvati
479 260 571 301 aut
603 246 941 312 rectiusculi,
997 264 1025 297 e
1067 241 1262 297 5—15
1308 241 1552 296 articulis
1586 241 1708 312 glo-

100 322 243 374 bosis
274 320 590 393 compressis
624 316 903 388 (sporidiis
943 317 1009 368 ad
1038 335 1254 367 sensum
1277 313 1706 383 systematicum)

101 406 226 446 sunt
270 392 582 463 compositi,
621 391 786 441 altero
827 387 977 458 apice
1028 389 1242 450 obtuso,
1290 387 1462 437 altero
1494 385 1708 455 paullu-

101 466 215 517 lum
251 476 523 516 attenuato
559 472 610 530 et
645 459 856 530 saepius
891 459 1073 528 stipite
1108 456 1429 510 brevissimo
1465 458 1709 526 plerum-

100 556 202 605 que
228 536 455 609 hyalino
486 535 764 586 instructo.
827 529 1018 582 Pulvis
1051 529 1207 597 niger
1243 526 1590 598 (sporidiola)
1626 538 1710 577 to-

101 619 184 667 tos
227 608 412 678 implet
451 605 709 657 floccos'.“
732 599 781 652 Ἰ.
821 620 865 652 c.
933 602 1224 653 Parasitice
1258 599 1313 649 in
1358 598 1578 650 Uredine
1609 597 1706 648 mi-

100 679 249 730 nima
294 677 441 746 soliis
470 673 771 742 petiolisque
821 672 1198 738 Sctnguisorhae
1233 666 1507 740 officinalis
1553 669 1708 720 inna-

100 760 283 806 scente.
353 753 421 800 In
456 743 792 812 &westphalia
819 744 1018 794 detexit
1043 762 1087 796 v.
1115 742 1507 794 Sclaelechtendal
1543 743 1619 808 (v.
1642 740 1712 809 S.)

360 1094 494 1150 XX.
557 1092 901 1147 TORULA.
973 1092 1180 1160 (Pers.)
1221 1091 1444 1144 reform.

158 1219 268 1270 Syn.
297 1213 439 1253 videas
473 1212 546 1253 sub
568 1211 742 1264 singula
769 1210 918 1263 specie,

242 1293 474 1349 GHAR.
538 1292 796 1366 Sporidia
831 1290 1194 1346 moniliformi
1219 1323 1244 1333 -
1269 1303 1612 1344 concatenata
1647 1292 1708 1345 in

99 1369 290 1419 floccos
341 1379 568 1430 erectos,
623 1366 915 1436 subopaca,
981 1366 1179 1433 absque
1241 1364 1506 1435 pedicello
1564 1384 1708 1417 com-

99 1438 280 1505 muni,
319 1438 478 1490 facile
498 1437 816 1497 secedentia‚
848 1439 994 1488 intus
1025 1435 1251 1487 materia
1278 1455 1533 1505 grumosa
1562 1438 1710 1507 (spo-

100 1509 388 1579 ridiolis?)
438 1509 653 1560 demum
711 1509 895 1562 farcta.
976 1513 1181 1560 Stroma
1228 1509 1418 1558 mellum
1465 1517 1556 1558 aut
1598 1527 1710 1560 ma-

102 1587 290 1634 calare.

243 1665 396 1720 Obs.
436 1666 502 1731 l,
551 1665 733 1718 Genus
764 1663 923 1734 longe
954 1662 1115 1715 aliter
1152 1680 1212 1714 ac
1247 1662 1544 1725 Auctores,
1594 1682 1712 1715 ma-

98 1736 250 1791 xime
281 1756 489 1807 quoque
527 1736 672 1789 inter
718 1755 775 1788 se
804 1735 1104 1802 variantes,
1145 1754 1315 1787 sumo.
1383 1737 1471 1788 Ad
1511 1734 1712 1787 articu-

98 1809 278 1861 lorum
309 1808 546 1861 formam
576 1807 790 1880 species,
830 1826 929 1858 nec
953 1825 1166 1875 genera,
1195 1825 1450 1876 separare
1473 1826 1711 1879 possum.

98 1879 324 1933 Floccos
361 1880 422 1931 in
472 1891 611 1932 statu
648 1878 885 1930 normali
920 1897 1132 1949 semper
1178 1880 1404 1931 erectos!
1464 1879 1600 1932 vidi.
1639 1909 1711 1919 -—

101 1949 216 2004 Sub
257 1950 610 2021 microscopio
633 1949 849 2018 quidem
888 1969 1008 2000 cum
1050 1949 1199 2003 Oidz'o
1230 1951 1551 2002 commutari
1589 1962 1711 2021 pot-

103 2033 209 2084 est,
243 2042 539 2092 numquam
568 2041 701 2074 vero
740 2020 788 2073 si
823 2019 936 2094 ejus
969 2020 1334 2072 evolutionem
1379 2033 1430 2072 et
1451 2022 1710 2092 morpho-

102 2093 191 2146 sin
230 2094 489 2163 sequaris,
549 2090 663 2146 Gfr.
715 2093 934 2147 Oidium.
1013 2091 1225 2144 Torula
1272 2092 1426 2144 nullo
1472 2093 1710 2166 mycelio

100 2166 356 2232 floccoso,
395 2166 550 2217 nulla
585 2163 745 2237 hujus
773 2164 832 2215 in
863 2163 1099 2234 sporidia
1118 2164 1540 2236 metamorphosi
1578 2183 1709 2234 gau-

75 2235 217 2301 xdet3
255 2245 432 2289 meras
465 2236 737 2308 protrudit
776 2235 1141 2306 sporidiorum
1177 2231 1403 2290 catena’s.
1469 2236 1708 2288 Facilius

100 2326 222 2360 cum
253 2308 648 2378 Macrosporiis‚
682 2307 881 2359 horum
919 2306 1101 2359 floccis
1140 2306 1412 2375 evanidis,
1467 2328 1709 2360 commu-

100 2389 264 2434 tatur.

248 2450 408 2503 Obs.
440 2449 490 2500 2.
551 2447 768 2521 Species
798 2468 1133 2515 numerosae,
1172 2449 1410 2501 limitatu
1437 2449 1705 2509 difficiles,

102 2521 456 2590 cum‘ubique
500 2522 868 2591 periclitemur
913 2521 1145 2594 mycelia
1199 2522 1434 2573 aliorum
1486 2520 1707 2590 Fungo-

101 2612 227 2645 rum
263 2592 340 2644 eis
388 2592 699 2650 admiscere.
779 2592 983 2645 Omnes
1024 2612 1176 2658 sane,
1235 2612 1362 2662 quas
1409 2591 1547 2642 mihi
1600 2592 1706 2643 rite

101 2664 352 2735 persequi
390 2664 644 2734 contigit,
684 2664 862 2716 floccis
898 2684 1026 2716 vere
1063 2663 1498 2716 decumbentibus
1538 2663 1704 2715 alior-

100 2754 221 2787 sum
252 2734 552 2805 pertinent,
591 2756 643 2791 ν.
682 2756 726 2788 c.
765 2741 956 2788 Torula
986 2737 1283 2802 Fuliginosa
1315 2734 1463 2786 Pers.
1500 2735 1564 2785 ad
1595 2739 1703 2787 An-

99 2806 418 2859 tennariam.
493 2803 746 2859 Ceterum
781 2807 840 2857 in
874 2807 975 2859 hoc
1012 2820 1207 2878 puncto
1244 2805 1424 2874 Fungi
1458 2825 1579 2857 cum
1603 2807 1702 2859 Al-

95 2877 179 2945 gis
215 2878 350 2929 adeo
387 2877 689 2940 confluunt,
728 2890 788 2930 ut
822 2879 1023 2931 nullibi
1049 2876 1381 2942 evidentius,
1417 2895 1472 2931 v,
1507 2897 1553 2930 c.
1581 2897 1704 2930 cum

94 2949 272 3016 Byssis
299 2947 366 3001 L.
415 2967 486 3000 ex
533 2950 740 3008 emend.
765 2950 942 3003 fries.
973 2953 1134 3022 (quae
1182 2967 1313 3002 vero
1349 2949 1521 3001 colore
1557 2951 1700 3004 laeto
