1887 3255
561 91 1235 187 POLYTHmNquM.
1614 124 1723 178 367

97 277 256 331 hrum
307 273 469 349 hujus
516 271 731 344 generis
768 289 828 337 ac
864 267 1166 322 Helminth.
1213 266 1459 320 Geni-stae
1501 286 1724 337 praece-

99 348 303 413 dentiS,
366 366 486 399 cum
541 363 645 413 quo
699 342 859 394 etiam
906 354 1163 392 stromate
1201 339 1402 390 lineato
1442 340 1723 406 convenit,

96 421 225 473 licet
264 419 366 471 hae
410 419 625 489 plantae
671 425 908 466 ceterum
954 431 1064 463 non
1105 410 1296 462 affines
1352 408 1477 461 sint.
1563 409 1723 462 Nudo

100 493 258 545 oculo
297 489 456 543 strias
491 486 669 548 sistit,
715 502 873 554 saepe
915 483 1233 552 parallelas,
1280 492 1424 533 atras
1478 480 1539 533 in
1574 481 1723 533 foliis

66 590 68 593 ’
102 563 413 631 graminum
434 559 532 612 sub
566 559 710 607 lente
744 555 979 623 simplici
1003 553 1259 622 hispidas.
1335 550 1449 604 Sub
1475 552 1722 606 microsc.

100 637 263 686 fibrae
305 653 356 684 er
477 649 531 693 e,
579 626 891 691 contiguae,
920 626 1260 685 ,ramulosae,
1307 623 1564 692 sporidiis
1611 626 1725 695 pel-

100 706 292 757 lucidis
319 643 619 772 arffiaersaea
690 697 1114 766 Frequentissime
1148 696 1203 746 in
1227 695 1378 764 soliis
1397 702 1536 748 Poae
1559 715 1724 765 aqua·

48 820 52 824 .
101 778 238 830 ricae
267 775 460 833 Linn.,
504 781 762 824 autumno.
806 774 880 835 (V.
914 768 1000 838 V.)

102 865 162 930 †.
243 864 317 912 D.
339 857 678 925 gramineum,
706 854 856 919 fibris
877 852 1204 905 fasciculatis
1227 852 1562 922 simplicibus
1585 864 1727 905 stro-

195 994 202 1001 ,
241 941 385 983 mate
411 928 730 981 tenuissimo
766 926 963 997 junctis
1001 924 1212 995 nigris,
1244 924 1502 996 sporidiis
1537 925 1727 995 globo-

244 1002 318 1054 sis
346 1000 541 1071 griseis
576 1000 740 1052 dense
777 996 1057 1068 inspersis.

157 1092 278 1133 Dem.
307 1103 435 1139 gram.
489 1093 609 1132 Pers,
641 1090 760 1141 Myc.
808 1089 915 1126 Eur.
960 1089 999 1128 1.
1041 1099 1091 1138 p.
1139 1084 1211 1130 16.
1259 1085 1502 1134 Cladospor.
1551 1085 1729 1135 grauun.

216 1149 328 1209 Ljnk
350 1151 549 1259 Spe705)1,
571 1160 620 1200 p.
651 1146 727 1189 42.
785 1146 1022 1200 (Exospor.
1067 1143 1322 1194 hispidulum
1369 1143 1480 1184 Link
1516 1146 1642 1197 Spec.
1687 1147 1730 1191 1.

217 1224 264 1263 p.
305 1210 402 1252 122,
426 1240 437 1252 .
461 1239 472 1249 .
1192 1220 1194 1222 ’

245 1275 422 1347 Saepe
454 1273 601 1339 vidi,
654 1272 746 1324 sed
780 1270 961 1322 minus
1013 1281 1220 1321 certum
1273 1289 1464 1323 censeo
1510 1283 1622 1323 tam
1660 1271 1729 1323 ob

106 1348 426 1401 affinitatem
486 1366 608 1398 cum
650 1340 1120 1415 praecedentibus,
1176 1361 1338 1410 quam
1398 1344 1463 1394 ob
1522 1362 1731 1394 nexum

106 1441 227 1472 cum
268 1418 603 1490 vegetatione
643 1413 994 1488 primordiali
1018 1414 1301 1466 variarum
1331 1415 1731 1482 Sphaere'arumz,

108 1491 419 1545 simillimae
457 1500 582 1541 sunt
613 1505 825 1546 comae,
862 1484 1024 1552 etiam
1067 1485 1291 1554 pulvere
1327 1485 1631 1556 adspersae,
1671 1485 1733 1537 in

58 1606 71 1617 .
105 1565 231 1631 Sph.
262 1563 523 1625 τνίσῆεἷῖα,
563 1561 896 1627 ρῆαεοεοιηε,
958 1556 1109 1611 ,Ιῖὶεἱε
1142 1556 1237 1624 (in
1276 1575 1379 1623 quo
1417 1570 1556 1608 statu
1597 1558 1731 1609 haec

106 1636 324 1702 Sph‘aer.
345 1632 653 1702 penicillum
684 1627 898 1698 Kaulf.)
918 1639 1036 1679 ‘ew-
1100 1627 1192 1680 Ad
1228 1627 1446 1696 stipulas
1489 1628 1733 1698 dejectas.

107 1707 194 1778 (v.
235 1707 314 1775 v.)
544 1750 546 1753 ,

248 1777 332 1830 Ad
380 1777 521 1829 hanc
569 1775 767 1829 seriem
814 1770 1072 1822 accedunt
1119 1773 1421 1840 Exosporia
1474 1773 1734 1844 sporidiis

107 1849 446 1919 longissimis
479 1845 828 1900 filiformibus
874 1841 1028 1894 Link
1069 1843 1330 1913 pleraque
1378 1847 1468 1910 (V
1464 1845 1737 1897 ermicula-

108 1922 222 1973 riae
260 1920 397 1972 Nob.
445 1921 888 1973 Trichostromata
927 1914 1122 1985 Corda)
1167 1927 1226 1966 ut
1261 1916 1518 1985 Sphaeria
1540 1921 1736 1968 Dema-

108 1993 235 2044 tz'um
265 2006 395 2061 etc„
429 1992 652 2043 omnino
687 2001 746 2040 ut
775 1984 1085 2056 Exosporia
1119 2005 1250 2039 vera
1280 1988 1344 2040 ad
1376 1985 1734 2041 Helmintho-

111 2061 312 2134 spuria.
386 2063 575 2115 Fibrae
594 2061 801 2114 minime
822 2057 1052 2128 spor-idia
1074 2057 1348 2126 dicendae3
1385 2062 1735 2115 exstat,enim

111 2147 326 2204 praeter
364 2133 463 2186 has
513 2134 718 2205 duplex
765 2128 1138 2191 fructificatio,
1189 2141 1300 2183 tam
1349 2130 1532 2202 pulvis
1578 2132 1735 2184 fibris

109 2207 418 2276 inspersus,
474 2218 535 2257 ut.
582 2206 642 2258 in
680 2203 814 2275 Sph.
858 2200 1114 2253 Dematio
1145 2200 1353 2275 juniori
1398 2221 1610 2271 quoque
1646 2204 1736 2256 vi-

110 2278 315 2344 dimus,
366 2296 528 2346 quam
579 2274 822 2349 sporidia
866 2284 1069 2344 septata
1095 2284 1217 2336 ete„
1264 2274 1436 2327 immo
1488 2275 1619 2338 asci,
1675 2275 1737 2328 in

107 2348 226 2419 ipso
254 2349 546 2402 tuberculo,
617 2349 709 2402 Ad
740 2365 934 2401 verum
973 2345 1151 2398 locum
1189 2346 1587 2418 designandum
1610 2347 1735 2419 plu-

110 2420 257 2475 rium
289 2420 600 2491 indigemus
638 2416 1097 2475 observationum.

330 2718 480 2771 VIII.
542 2712 1218 2793 POLYTHRLNGIUM.
1291 2715 1512 2798 Kunze.

166 2837 311 2880 Kame,
343 2835 466 2888 Myc.
499 2832 609 2882 Hegft
642 2834 683 2874 l.
709 2843 761 2882 P.
795 2834 869 2877 13.
896 2838 931 2876 t.
963 2834 1004 2876 1.
1024 2833 1074 2883 f,
1104 2830 1152 2878 8.

245 2917 477 2973 CIIAR.
543 2915 730 2968 Flocci
755 2914 943 2978 solidi,
974 2916 1245 2984 corticati‚
1288 2915 1456 2985 rigidi
1504 2915 1735 2989 (fibrae)

110 2992 327 3044 demum
383 2987 804 3044 moniliformes‚
876 2988 1127 3060 Sporidia
1184 3008 1213 3041 e
1276 3000 1536 3042 stromate
1591 2989 1736 3043 inter
