1887 3255
605 100 1189 160 STILBOSPOREI.
1602 105 1708 156 477

101 271 147 304 e.
180 268 226 303 s·
262 268 318 321 vp.
391 247 595 302 Utrum
635 265 767 300 vero
801 244 945 296 inter
978 245 1199 304 multaS,
1247 261 1377 312 quas
1414 243 1558 304 vidi,
1595 245 1712 297 sor-

104 339 222 376 mas
252 321 513 390 quaedam
547 318 684 384 sint,
723 334 857 386 quae
883 316 943 365 ad
972 328 1165 366 statum
1192 313 1570 384 perfectiorem
1602 336 1714 368 non

106 390 435 465 pertineant,
482 410 550 442 an
586 409 728 453 non,
759 386 815 437 in
838 386 1108 455 praesenti
1138 386 1282 437 haud
1323 384 1576 449 dixerim,
1617 407 1714 438 nec

108 462 308 537 species
344 462 676 532 distinguere
711 456 1000 527 periclitor.

257 533 411 586 obs.
448 534 504 586 -2,
564 529 724 598 Quod
771 528 1002 593 Ustilago
1038 536 1273 595 Segetum
1300 527 1442 578 inter
1485 529 1717 598 reliquas

107 604 472 673 Ustilagines,
511 602 559 653 id
595 601 739 653 inter
774 599 1189 651 Sclzizodermata
1224 599 1439 650 videtur
1476 606 1720 667 Sorospo-

108 677 243 729 rium
270 672 574 745 Rudolphi!
613 672 674 723 in
708 669 869 721 Linn.
916 669 1073 724 1829.
1111 692 1160 742 p.
1200 671 1317 721 lm.
1367 683 1403 723 t.
1441 670 1492 725 2.
1564 671 1722 724 Hanc

113 747 371 821 speciem,
410 759 469 796 ut
507 755 648 796 certe
696 754 1065 807 autonomam‚
1120 742 1345 794 seorsim
1383 742 1720 796 notabimus:

114 833 165 883 l.
257 834 311 882 S.
348 826 697 894 Saponariae,
748 824 953 877 acervis
993 826 1267 877 alabastris
1293 827 1602 896 plantarum
1638 829 1725 881 vi-

253 898 502 952 ventium
542 897 911 950 insidentibus⁶
974 897 1240 964 Rudolplzi
1269 898 1298 950 l.
1339 917 1383 950 c,

250 982 555 1053 „Sporidia
588 982 648 1034 in
678 981 952 1048 globulos,
1000 982 1167 1032 oculis
1191 981 1472 1034 inarmatis
1497 985 1591 1038 vix
1622 988 1727 1040 dis-

115 1055 437 1120 cernendos,
499 1052 737 1104 40—50
797 1052 1036 1122 sporidia
1083 1052 1443 1117 continentes,
1508 1061 1728 1126 conglo-

115 1126 240 1176 bata
280 1137 332 1176 et
359 1125 474 1176 fere
512 1136 784 1190 concreta3
819 1123 1046 1184 minuta,
1080 1135 1255 1184 ovata,
1298 1125 1603 1195 rotundata,
1642 1131 1730 1182 in-

119 1197 334 1248 terdum
391 1195 825 1262 subacuminata,
885 1195 1067 1246 omnia
1124 1196 1238 1247 fere
1296 1213 1460 1265 aeque
1517 1220 1730 1267 magna,

119 1267 293 1333 fusca,
334 1267 663 1337 pellucida.“
735 1271 801 1319 In
836 1269 1111 1318 alabastris
1151 1269 1472 1335 Saponuriae
1517 1276 1732 1326 Germa..

120 1338 257 1394 niae.
303 1341 380 1405 (v.
420 1340 486 1409 S.)

713 1647 753 1691 0
794 1647 832 1684 R
873 1648 910 1684 n
950 1646 988 1685 ο
1061 1645 1119 1688 Π,

639 1742 1223 1801 STILBOSPOREI.

275 1871 504 1927 GHAR.
565 1868 817 1941 Sporidia
856 1867 917 1918 in
959 1868 1212 1919 nucleum
1249 1870 1472 1939 (absque
1505 1875 1742 1944 peritho-

135 1947 246 2016 cio)
296 1946 393 1997 sub
436 1940 765 2013 epidermide
819 1939 1128 2010 plantarum
1176 1942 1566 2012 conglutinata,
1619 1949 1745 2000 dein

141 2014 482 2087 erumpentia
519 2013 610 2064 vel
644 2030 766 2063 cum
800 2010 1037 2079 gelatina
1070 2011 1106 2062 l.
1145 2010 1337 2066 libera.

274 2088 431 2140 obs.
502 2084 591 2136 Ad
628 2082 1029 2153 praecedentem
1060 2081 1306 2135 ordinem
1341 2096 1400 2136 ut
1452 2086 1745 2159 Sphaeria..

133 2178 224 2214 cea
265 2158 427 2229 stirps
441 2195 458 2222 ,
515 2156 580 2207 ad
628 2153 1042 2206 Phacidiaceam
1096 2155 1353 2207 accedunt
1395 2161 1744 2231 &illios-porei,

128 2231 292 2285 Varii
329 2247 517 2281 eorum
549 2237 674 2278 sunt
710 2237 920 2276 tantum
940 2224 1424 2295 Sphaeriaceorum
1448 2244 1613 2286 status
1653 2238 1746 2287 de..

133 2321 357 2373 generes
394 2312 444 2351 et
487 2310 834 2362 autonomae,
881 2295 1014 2347 olim
1036 2296 1100 2346 ad
1123 2295 1573 2372 Pyrenomycetes
1605 2320 1747 2359 certe

135 2392 343 2442 quoque
383 2369 806 2422 transferendae.
874 2368 1106 2419 Nucleus
1137 2370 1309 2436 enim,
1349 2392 1459 2425 non
1511 2378 1746 2448 perithe-

137 2445 306 2505 cium,
349 2442 838 2513 Pyrenomycetum
881 2439 1217 2492 essentialem
1266 2442 1624 2500 characterem
1663 2451 1748 2504 of..

137 2515 260 2567 fert.
340 2513 480 2565 Nam
519 2512 722 2562 limites
770 2509 914 2560 inter
960 2510 1317 2579 perithecium
1362 2535 1579 2580 verum,
1619 2542 1749 2593 spu..

138 2586 314 2652 rium,
351 2604 403 2639 v.
454 2603 498 2637 c„
536 2583 602 2633 ab
645 2580 976 2652 epidermide
1016 2583 1258 2635 matricis
1307 2577 1603 2657 fflgresacta
1650 2613 1752 2646 or..

140 2669 284 2718 tum,
324 2666 375 2705 et
417 2655 633 2705 nullum
670 2651 981 2720 neutiquam
1029 2653 1157 2723 poni
1198 2672 1435 2726 possunt.
1519 2661 1590 2714 Ut
1623 2666 1750 2716 Dis-

141 2736 417 2796 comycetes
460 2725 676 2775 demum
714 2742 872 2781 omne
912 2723 1225 2793 excipulum
1271 2731 1554 2799 proprium
1593 2737 1753 2788 amit-

142 2810 290 2861 tunt,
327 2808 377 2848 et
414 2795 655 2848 Stictides
683 2814 740 2848 v.
781 2814 824 2851 c.
867 2814 1080 2847 merum
1112 2797 1318 2850 discum
1367 2803 1561 2872 absque
1603 2809 1753 2860 exci-

143 2869 269 2940 pulo
307 2868 566 2930 offerunt3
604 2865 680 2917 sic
719 2865 881 2917 etiam
903 2867 1238 2935 Stilbosporei
1267 2873 1519 2928 nucleum
1553 2878 1753 2947 absque

144 2939 460 3012 peritheciO.
541 2934 620 2991 Ut
654 2943 1004 3008 Cryptomyces
1054 2938 1247 3003 Grev„
1296 2944 1361 2995 ad
1399 2944 1754 3022 Discomyce-
