1887 3255
624 126 1160 185 FUSlSPORlUM.
1598 125 1706 178 427

89 274 342 348 sporidiis
391 272 645 344 globosis.
728 277 796 323 In
826 271 987 339 soliis
1022 267 1237 336 dejectis
1275 261 1439 318 aridis
1483 270 1707 336 Quercus

90 358 141 398 et
178 348 314 413 Pagi
347 346 402 396 in
439 343 721 395 nemoribus
754 344 997 394 umbrosis
1029 361 1127 409 per
1157 358 1372 406 annum,
1409 338 1597 405 optime
1618 358 1707 389 ae..

89 419 239 469 statis
255 417 390 487 fine.
424 419 501 484 (v.
533 420 614 481 v«)

92 517 180 572 ll.
239 521 300 571 F.
339 514 588 582 griseum,
654 508 1100 581 maculaefortne,.
1162 509 1339 562 floccis
1396 511 1708 566 tenerrimis

237 584 509 645 evanidis,
559 579 818 653 sporidiis
869 579 1246 634 fusiformibus
1287 581 1446 635 rectis
1484 584 1710 655 griseo-

236 658 391 710 albis.

141 759 353 800 Fusidium
383 756 578 808 griseum.
635 752 745 793 Link
783 753 882 797 Ohs.
919 757 954 791 1.
982 768 1030 806 p,
1062 755 1107 798 6.
1139 756 1260 805 Spec.
1290 755 1334 795 2.
1360 768 1407 806 p.
1435 751 1509 797 96.
1558 753 1709 794 Dium.

204 818 236 861 Ζ,
267 830 304 859 c.
324 816 374 864 f.
409 816 475 854 17.
515 812 702 853 Schmidt
724 818 764 849 et
794 814 939 853 Kunz.
975 825 1058 851 exs.
1087 825 1134 856 n.
1177 814 1274 854 103.
1310 813 1430 856 Chev.
1463 817 1572 857 Par.
1604 821 1640 857 t.
1663 815 1709 859 3,

130 873 139 880 ‘
194 876 244 926 f.
283 874 352 912 17.
407 870 704 922 Fusisporium.
772 870 895 910 fries
923 870 954 913 l,
996 884 1031 909 c.
1069 868 1194 924 Drahy
1224 869 1257 914 l,
1291 884 1329 914 c,

229 955 405 1009 Valde
442 956 603 1007 affine
647 953 1020 1024 praecedenti,
1079 954 1171 1005 sed
1222 954 1399 1005 colore
1447 955 1712 1007 constanti

95 1028 295 1083 differt.
378 1033 518 1080 Loco
551 1037 600 1077 et
631 1037 855 1093 tempore
890 1026 1140 1077 convenit.
1184 1027 1259 1095 (v.
1297 1029 1373 1092 v.)

91 1126 183 1181 12.
238 1129 299 1178 F.
333 1124 508 1191 Buri,
551 1121 819 1175 acer-vulis
842 1121 1037 1191 sparsis
1049 1159 1064 1187 ,
1097 1122 1273 1174 floccis
1302 1121 1504 1174 strictis
1539 1122 1716 1194 primo

238 1195 452 1256 cinctis,
489 1194 747 1266 sporidiis
783 1193 1159 1246 fusiformibus
1181 1191 1562 1246 minutissimis
1589 1195 1716 1266 pal-

239 1267 584 1319 lescentibus.

156 1355 317 1394 Statum
379 1355 687 1404 primordialem
755 1353 950 1404 sporidiis
1020 1352 1203 1404 globosis
1261 1353 1397 1393 roseis
1447 1354 1719 1404 ovoideisque

216 1414 322 1452 sistit
360 1413 661 1453 Tubercularz'a
689 1413 805 1451 Buxi
821 1410 959 1457 Dee-..⁷
993 1413 1069 1454 Fr.
1093 1411 1135 1454 6.
1164 1426 1214 1463 p.
1248 1414 1346 1455 110.
1389 1413 1720 1459 PsiloniaBuxi,

215 1471 337 1511 Fries
364 1475 410 1510 S.
449 1475 501 1515 0.
540 1475 654 1522 Veg.
688 1492 744 1501 —
778 1471 906 1525 Duby
933 1474 1037 1524 Syn.
1069 1471 1187 1511 Gall.
1221 1472 1264 1513 2.
1290 1483 1336 1521 p,
1371 1469 1472 1514 926.
1496 1494 1555 1501 —
1583 1473 1722 1510 Adul-

214 1540 331 1586 tum,
367 1529 509 1568 floccis
540 1529 754 1580 evanidis‚
796 1530 990 1577 sporidiis
1025 1528 1308 1567 fusiformibus
1339 1531 1507 1568 omnino
1543 1531 1724 1577 pelluci-

215 1587 305 1628 dis:
345 1587 382 1629 F
386 1587 566 1626 usidium
595 1586 730 1628 Buxi.
787 1587 977 1626 Schmidt
1007 1607 1064 1617 —-
1088 1585 1199 1625 Link
1230 1589 1353 1637 Spec.
1383 1588 1426 1631 2.
1459 1600 1509 1638 p.
1543 1589 1614 1633 97,

242 1655 360 1707 Vix
393 1655 554 1707 facile
589 1657 760 1723 fingas
809 1657 1017 1726 plantas
1058 1656 1158 1707 sub
1194 1655 1551 1726 mici-oscopio
1592 1657 1723 1711 adeo

99 1726 492 1779 diversissimas
538 1745 600 1778 ac
645 1727 929 1780 Pse‘icniam
977 1727 1130 1780 Buxi
1177 1739 1227 1778 et
1274 1727 1537 1778 Facsidium
1573 1731 1726 1781 Bassi

105 1800 332 1850 eandem
361 1799 552 1851 sistere
575 1798 835 1868 speciem,
869 1810 920 1849 et
951 1817 1080 1849 sane
1114 1797 1209 1849 diu
1230 1797 1347 1868 ipse
1382 1798 1539 1865 finxi,
1576 1813 1725 1870 post-

105 1888 265 1937 quam
302 1869 363 1921 in
400 1869 586 1921 eodem
625 1869 759 1921 folio
808 1880 859 1920 et
901 1887 1092 1921 acervo
1131 1868 1420 1921 Fusidium
1465 1869 1725 1940 legeram,

102 1940 205 1992 hoc
244 1959 358 1992 esse
395 1939 774 2011 parasiticum3
818 1940 944 1991 dein
981 1959 1108 1993 vero
1135 1940 1252 1992 vidi
1292 1941 1574 2010 plerasque
1610 1942 1720 1994 Fu..

106 2011 328 2082 sisperii
368 2011 570 2082 species
596 2011 821 2062 eandem
848 2011 1032 2063 subire
1070 2011 1559 2082 metamorphosin,
1595 2034 1726 2082 qua·-

106 2102 232 2134 rum
269 2082 513 2154 proximi
558 2087 617 2134 F.
659 2082 932 2147 argillacei
971 2082 1402 2148 evidentissima,
1450 2096 1510 2133 ut
1542 2086 1724 2137 omnia

108 2154 268 2204 dubia
309 2155 520 2205 sublata
566 2153 876 2209 videantur.
959 2153 1144 2206 Primo
1187 2153 1249 2205 in
1289 2154 1436 2206 foliis
1477 2173 1726 2209 arescen-

106 2224 252 2277 tibus
278 2225 637 2278 observantur
669 2225 912 2278 acervuli
933 2224 1132 2277 minuti
1156 2225 1560 2296 punctiformes,
1596 2247 1726 2280 con-

107 2295 261 2357 serti,
297 2296 480 2358 rubri,
517 2295 697 2348 floccis
742 2295 1080 2367 simplicibus
1126 2296 1314 2349 erectis
1354 2296 1543 2359 cincti,
1603 2319 1728 2370 spo..

105 2367 266 2419 ridiis
300 2368 365 2420 ad
394 2368 551 2420 basin
584 2367 917 2434 conglobatis
950 2367 1217 2437 globosis,
1261 2368 1499 2422 ovoideis
1536 2370 1727 2424 oblon-

109 2439 324 2507 gisque3
382 2439 508 2491 dein
558 2438 733 2507 magis
787 2439 1117 2509 irregulares
1166 2441 1334 2506 fiunt,
1374 2441 1728 2510 expallentes,

109 2509 171 2560 iu
201 2528 305 2578 quo
340 2521 482 2562 statu
518 2509 760 2581 sporidia
797 2522 1097 2563 monstrant
1134 2509 1447 2563 fusiformia
1485 2514 1731 2566 tenerri-

109 2597 201 2632 ma
239 2580 782 2653 prorsuspellucida.
854 2584 918 2633 In
942 2594 1170 2651 utroque
1197 2594 1336 2635 statu
1366 2582 1604 2652 sporidia
1643 2605 1730 2638 ce-

110 2650 330 2703 lerrime
367 2652 556 2724 adfusa
592 2671 728 2722 aqua
767 2652 1039 2709 diffluunt.
1122 2654 1216 2708 Ad
1246 2652 1384 2722 folia
1413 2652 1553 2706 sicca
1577 2658 1733 2711 Buxi

105 2741 204 2791 per
233 2741 438 2778 annum.
479 2727 558 2790 (v.
585 2728 668 2792 v.)

229 2810 354 2850 Ohs.
384 2812 429 2854 1.
488 2810 658 2850 Plenius
688 2806 813 2863 hujus
854 2810 1017 2860 generis
1055 2812 1216 2862 species
1253 2812 1355 2851 mihi
1383 2814 1558 2865 obvias,
1607 2829 1730 2865 quam

117 2867 308 2907 affinium
336 2879 567 2922 generum,
597 2869 765 2922 recepi,
801 2881 893 2908 cum
920 2870 1115 2911 certiores
1145 2880 1187 2911 et
1215 2870 1480 2923 insigniores,
1509 2875 1732 2924 praecipue

117 2928 289 2965 duarum
336 2926 521 2975 priorum
559 2926 810 2980 sectionum,
866 2927 989 2968 visae
1029 2930 1128 2971 sint.
1176 2930 1233 2968 At
1271 2929 1443 2969 testibus
1485 2932 1729 2984 Fusz'sporio

118 2984 260 3040 Buxi,
294 2985 529 3037 tergillacco
568 2992 648 3028 etc.
684 2985 781 3025 satis
817 2995 955 3037 patet,
1000 3000 1119 3036 quam
1151 3000 1292 3037 parum
1341 2986 1550 3029 sufficiam
1578 2991 1730 3032 micro-
