1887 3255
173 153 250 208 22
823 146 1173 213 BOVISTA

189 299 454 353 teriorem
477 297 752 370 peridium
775 298 879 353 vix
905 298 1109 363 dicam,
1138 303 1477 357 considerata
1500 301 1701 376 peridii
1717 325 1816 358 ex-

182 370 406 425 terioris
438 382 708 424 structura
739 370 957 424 diversa
986 371 1048 424 in
1073 373 1329 440 Geastre3
1363 375 1423 428 in
1453 376 1654 428 horum
1682 376 1831 448 peri-

190 442 282 496 dio
325 442 619 503 exteriori,
655 454 716 494 ut
753 443 815 496 in
853 442 1302 522 omnibus‘hujus
1330 447 1641 500 subordinis
1686 447 1832 523 ejus-

189 516 342 568 modi
381 526 572 568 eortex
604 514 735 585 plus
783 515 965 567 minus
1009 517 1253 572 evolutus
1286 519 1454 572 adest.
1539 518 1652 571 Nec
1700 539 1828 591 spo-

190 587 467 641 ridiorum
514 586 665 639 color
714 598 962 639 constans
1023 589 1238 655 (variat
1284 590 1476 644 fusco-
1495 595 1827 663 purpureus,

191 658 571 729 ferrugineus,
627 657 1225 729 olivaceo-fuligineus
1276 668 1399 730 etc.)
1442 682 1543 714 nec
1578 661 1831 717 insertio.

194 727 442 786 Subinde
480 749 714 802 superne
762 731 943 796 adest,
988 743 1148 783 tenue
1185 732 1557 803 sporidiorum
1596 745 1829 787 stratum

195 803 473 876 superius3
507 803 745 855 discolor
790 801 1019 854 subinde
1066 802 1127 855 in
1177 804 1364 858 eadem
1424 804 1630 879 specie,
1675 825 1829 859 mor·-

192 874 355 949 phosi
389 874 763 946 praecipitata,
803 873 1065 931 diversus

336 958 781 1015 AFFINITAS.
853 959 954 1013 Est
993 960 1055 1013 in
1093 961 1197 1015 hac
1239 962 1381 1016 serie
1424 974 1617 1017 ¹exacte
1657 981 1828 1034 genus

192 1032 438 1085 medium
466 1032 617 1085 inter
653 1039 918 1087 Geastrem
956 1044 1007 1085 et
1047 1036 1420 1104 Lycoperdon3
1485 1036 1550 1087 ab
1585 1035 1687 1088 illo
1725 1036 1830 1087 ha-

195 1103 311 1157 bitu
346 1125 481 1158 mox
523 1105 809 1171 recedens,
863 1104 992 1157 licet
1041 1106 1255 1158 corticis
1313 1106 1603 1159 exterioris
1661 1105 1829 1159 soluti

193 1189 407 1249 partem
434 1177 710 1248 peridium
744 1177 938 1231 volvae
969 1176 1144 1228 instar
1182 1177 1489 1248 cingentem
1515 1178 1649 1232 vidi.
1715 1178 1830 1231 Pe-

194 1247 341 1301 ridio
387 1248 645 1303 interiori
694 1249 977 1302 variarum
1034 1250 1265 1302 Gaas-tris
1316 1249 1619 1321 specierum
1661 1250 1826 1304 Valde

197 1319 380 1373 simile
411 1332 507 1373 est.
563 1322 622 1374 A
640 1321 959 1390 Lyn-opertu),
987 1339 1108 1372 meo
1134 1340 1313 1388 sensu,
1349 1340 1461 1373 non
1492 1320 1831 1392 distinguen-

195 1391 359 1458 ‘dum3
400 1393 493 1445 sed
535 1404 596 1445 ut
638 1392 703 1444 ab
737 1391 988 1446 omnibus
1024 1404 1302 1464 receptum
1329 1391 1565 1447 servavi.
1637 1391 1831 1464 Spori-

197 1463 418 1516 diorum
461 1464 633 1517 colori
680 1475 731 1516 et
777 1464 862 1516 nil
900 1463 1121 1517 omnino
1160 1463 1508 1517 tribuendum
1557 1483 1657 1516 nec
1694 1463 1830 1516 reli-

198 1554 336 1605 quae
379 1548 541 1588 notae
576 1536 817 1590 Personiz'
851 1547 1153 1603 constantes
1190 1548 1333 1588 sunt.
1410 1534 1524 1588 Gsr.
1564 1540 1831 1604 Lycoper-

197 1608 318 1661 don.
377 1605 441 1661 Si
477 1607 834 1668 servandum,
872 1604 1206 1659 characteres
1244 1608 1478 1659 offerant
1508 1606 1830 1677 capillitium

196 1679 530 1752 compactius
549 1717 567 1747 ,
601 1679 824 1749 aequale
864 1679 940 1749 (h.
974 1698 1019 1733 e.
1060 1677 1174 1730 basi
1216 1697 1334 1730 ,non
1367 1677 1554 1729 abiens
1587 1677 1651 1730 in
1689 1689 1831 1730 stra-

199 1760 318 1802 tum
347 1751 523 1822 magis
547 1762 884 1823 compactum
908 1749 1126 1815 sterile3
1157 1750 1263 1802 etsi
1292 1749 1382 1801 hic
1406 1748 1686 1802 character
1720 1766 1831 1820 po·-

198 1821 472 1882 tissimum
508 1842 538 1874 a
574 1823 756 1878 forma
780 1822 1000 1891 globosa
1023 1822 1235 1893 pendet,
1264 1820 1582 1873 testantibus
1613 1826 1683 1875 B.
1721 1821 1832 1872 cla-

195 1905 324 1961 ‘vata
355 1906 406 1946 et
443 1899 507 1946 L.
553 1894 781 1963 pusillo)
817 1893 1091 1965 peridium
1128 1912 1494 1966 papyraceum
1536 1904 1623 1943 aut
1670 1891 1832 1943 sube-

200 1984 407 2026 rosum,
441 1977 633 2018 cortex
657 1964 894 2034 undique
918 1965 1180 2017 discretus
1223 1976 1273 2016 et
1303 1964 1553 2016 secedens
1571 2001 1587 2024 ,
1624 1972 1675 2015 'et
1705 1981 1834 2034 spo·-

193 2035 347 2103 ssridia
393 2037 839 2108 suppedicellata.
930 2036 1010 2090 At
1059 2037 1240 2108 potius
1283 2036 1348 2087 ad
1386 2034 1618 2105 specieS,
1671 2052 1834 2104 quam

201 2127 403 2177 genera
444 2120 568 2181 apta
604 2120 730 2162 sunt
770 2108 904 2160 haec
949 2108 1152 2160 omnia.
1263 2106 1356 2158 Ex
1405 2105 1599 2157 habitu
1642 2117 1835 2172 *tamen

129 2204 134 2212 f
197 2179 366 2232 ,facile
398 2179 811 2250 dignoscuntur.
847 2210 918 2219 —
956 2180 1047 2232 Ac]
1074 2178 1425 2232 Scleroderma
1459 2177 1685 2248 insuper
1714 2174 1833 2247 Ly-

205 2250 599 2323 coperdeorum
631 2250 923 2304 transitum
981 2250 1373 2303 demonstrati!
1439 2283 1443 2286 «

350 2333 751 2389 HISTORIA.
825 2334 871 2386 F
874 2332 1008 2404 ungi
1041 2332 1325 2386 aestivales
1362 2331 1651 2405 praecipue
1685 2342 1828 2400 sunt,

207 2404 301 2459 sed
345 2405 407 2458 in
452 2418 765 2475 sequentem
796 2425 1001 2457 annum
1035 2404 1396 2476 persistentes,
1423 2415 1580 2475 prata
1622 2415 1674 2455 et
1698 2423 1833 2458 arva

209 2477 384 2547 magis
412 2476 730 2539 incolentes,
758 2479 919 2547 quam
941 2476 1139 2541 silvas3
1170 2475 1285 2528 fere
1302 2475 1661 2529 Geastrorum
1674 2494 1832 2528 more

208 2548 483 2620 sporadici
499 2568 516 2613 3
551 2549 667 2600 sola
707 2554 775 2603 B.
812 2549 1136 2616 nigrescens,
1178 2546 1432 2598 centralis
1451 2585 1463 2609 ‚
1498 2545 1831 2615 ubiquitaria

211 2620 444 2674 videtur.
519 2618 588 2672 In
624 2619 1007 2692 primataetate
1043 2618 1378 2692 Lycoperdis
1422 2618 1553 2670 adeo
1601 2616 1827 2681 similes,

209 2704 272 2743 ut
307 2691 410 2746 vix
436 2691 671 2746 discerni
713 2703 927 2760 queant.
1003 2690 1152 2743 Hinc
1187 2689 1314 2741 licet
1366 2707 1523 2759 saepe
1570 2687 1831 2740 Auctori-

211 2766 312 2815 bus
354 2763 695 2816 innotuerint
743 2774 794 2814 et
839 2761 1011 2815 obiter
1044 2760 1298 2831 descripti
1342 2760 1577 2823 fuerint,
1613 2756 1828 2826 ‘saltim

207 2834 418 2905 ‚species
453 2833 730 2895 centralis,
766 2853 899 2885 mox
927 2833 1072 2885 inter
1119 2832 1438 2905 Lycoperda
1469 2831 1668 2883 iterum
1700 2847 1830 2879 con-

197 2905 365 2971 [fusi;
407 2908 505 2958 sub
544 2904 704 2958 novis
732 2903 1044 2963 nominibus
1074 2902 1339 2973 ‘descripti
1390 2904 1694 2968 iterumque
1732 2899 1831 2951 ob·
1869 2970 1873 2971 ⁷

215 2975 415 3030 livioni
465 2975 670 3030 traditi.
765 2973 939 3027 Plura
990 2975 1098 3027 huc
1154 2974 1480 3048 pertinentia
1523 2979 1831 3044 synonyma

218 3059 365 3102 certo
417 3044 677 3102 extricari
729 3058 1027 3116 nequeunt,
1072 3065 1236 3117 quare
1279 3047 1503 3109 omissa,
1551 3052 1612 3093 ut
1661 3053 1710 3093 et
1751 3059 1830 3104 ea,
