1887 3255
241 231 1578 263 ff-ffl-w

331 615 1059 680 GASTEROMYCETES
1118 617 1434 676 GENUINI

826 747 937 787 SEU

491 862 1261 938 TRJGHOSPERMI.

120 1048 417 1100 Lycoperdon.
446 1044 576 1090 Lima,
603 1051 644 1082 et
668 1038 930 1082 Limaeam}
953 1040 1153 1092 (maxima
1183 1056 1303 1097 pars,
1335 1045 1483 1088 additis
1515 1049 1692 1098 clathris

176 1115 217 1146 et
245 1105 501 1147 DIucoribus
535 1101 819 1152 quibusdam.)
848 1122 905 1130 —-
937 1101 1243 1150 Dermatocarpi
1275 1105 1583 1158 Trichospermi
1615 1124 1678 1154 etc

173 1169 292 1206 Pers,
323 1177 416 1218 Syn·
445 1177 492 1214 p,
527 1160 880 1202 XV...XVII.
939 1159 1239 1214 Gasteromyci,
1267 1175 1348 1205 ser.
1390 1168 1432 1221 1,
1468 1170 1509 1206 2.
1563 1150 1694 1220 LinkJ

171 1223 272 1263 diss.
306 1225 346 1265 1.
374 1221 421 1259 in
452 1220 564 1263 Ber-l,
604 1222 733 1269 Mag.
755 1216 803 1266 f.
845 1217 1027 1266 Naturf.
1055 1218 1238 1262 Freund.
1274 1222 1402 1265 1809.
1423 1238 1470 1276 p,
1505 1227 1689 1275 24-32‚

178 1281 364 1334 (exclus.
400 1280 574 1333 Cannio,
606 1275 988 1316 Trichodermaceis
1021 1282 1060 1313 et
1093 1276 1353 1334 Mucorinis)
1401 1305 1457 1313 —
1493 1287 1690 1330 Gastero..

103 1363 105 1365 .
169 1339 283 1389 myci
307 1337 587 1388 Mycetoidei.
641 1334 764 1376 Linlr.
797 1332 892 1371 diss.
920 1335 962 1373 2.
995 1332 1028 1374 l.
1055 1346 1089 1371 c.
1118 1334 1230 1375 1815
1255 1337 1332 1388 (ex
1351 1342 1528 1382 maxima
1550 1350 1690 1402 parte)

175 1396 476 1446 Gasteromyci.
561 1397 670 1434 Nees
702 1396 814 1446 Syst·
839 1403 891 1440 p.
924 1391 1146 1431 92—-138
1187 1397 1275 1448 (ex
1306 1400 1484 1440 maxima
1515 1414 1633 1454 parte
1647 1407 1687 1461 )‚

173 1478 233 1486 —-
263 1455 375 1493 Gast.
405 1452 728 1502 Trichospermi,
800 1450 847 1487 S.
881 1449 950 1490 M.
981 1451 1021 1491 Ι.
1041 1462 1092 1500 p.
1116 1451 1292 1494 XLIX.

63 1612 342 1707 CHAR.
416 1650 704 1707 Peridium
732 1652 813 1724 (h.
850 1670 897 1704 e.
931 1661 1116 1704 uterus
1140 1649 1539 1725 receptaculum
1560 1676 1690 1711 con-

60 1727 288 1780 stituens
332 1727 660 1796 genuinum,
711 1724 1058 1794 contiguum,
1095 1724 1298 1794 passim
1336 1725 1557 1797 duplex,
1591 1731 1688 1783 ad-

58 1800 237 1851 ultum
286 1797 564 1851 dehiscens
618 1809 669 1849 et
711 1796 952 1866 sporidia
1004 1795 1248 1867 copiosa,
1299 1798 1471 1860 nuda,
1505 1803 1689 1868 pulve-

58 1873 261 1922 rulenta
307 1871 604 1923 effundens.
693 1867 948 1940 Sporidia
995 1867 1306 1943 majuscula,
1340 1870 1684 1940 subglobosa,

58 1939 119 1994 in
140 1955 323 1993 centro
346 1954 694 2002 coacervata,
735 1943 880 2000 laxa,
916 1939 1096 1992 floccis
1134 1940 1256 2009 plus
1286 1939 1462 1994 minus
1497 1942 1686 2017 effigu-

56 2012 192 2065 ratis
233 2013 527 2065 intertexta
561 2024 652 2066 aut
693 2013 936 2067 discreta.
982 2042 1053 2051 —-
1111 2010 1410 2065 Contextus
1440 2015 1687 2071 subvesi-

57 2085 286 2138 culosus.
327 2115 397 2124 —·-
469 2086 631 2138 Gleba
674 2083 877 2153 periclio
926 2083 1123 2133 inclusa
1171 2093 1291 2133 ante
1337 2087 1686 2143 maturitatem

54 2152 394 2224 sporidiorum
423 2159 668 2226 pulposa5
724 2175 874 2225 saepe
906 2163 1039 2206 totus
1074 2159 1282 2222 Fungus
1299 2154 1489 2224 junior
1525 2162 1688 2215 muci-

55 2226 329 2294 Zaginosus.

199 2307 826 2364 ABERRATIONES.
917 2308 1129 2365 Genera
1179 2307 1285 2365 duo
1333 2313 1686 2374 subterranea

52 2402 166 2436 non
202 2390 391 2454 sponte
430 2382 726 2438 dehiscunt.
764 2414 835 2420 —
885 2381 953 2435 In
1000 2389 1299 2446 Batarrea,
1351 2405 1484 2455 quae
1526 2409 1554 2441 e
1587 2411 1684 2444 ve-

53 2455 326 2526 getatione
400 2473 530 2506 enus
555 2450 933 2515 Phallodeum,
967 2457 1361 2526 receptaculum
1389 2459 1537 2512 adest
1570 2463 1683 2516 dis-

53 2539 279 2579 cretum.
383 2547 420 2578 n
462 2525 647 2598 paucis
681 2525 835 2578 flocci
861 2525 919 2577 in
943 2526 1216 2598 peridium
1241 2528 1472 2582 interius
1502 2545 1682 2588 trans-

52 2596 392 2664 formantur3
422 2598 483 2650 in
517 2597 722 2651 infimis
749 2596 977 2650 subinde
1012 2599 1358 2663 aboriuntur,
1386 2621 1520 2670 quae
1545 2625 1679 2661 Vero

52 2666 326 2722 aberratio
350 2689 476 2722 rara
511 2689 610 2721 nec
644 2670 816 2738 magis
859 2670 1192 2731 essentialis,
1226 2691 1388 2740 quam
1424 2691 1556 2729 V.'c.
1585 2698 1680 2749 pe-

49 2741 288 2794 talorum
338 2740 570 2811 defectus
605 2738 666 2793 in
716 2740 906 2794 ordine
959 2742 998 2796 l.
1045 2761 1244 2812 genere
1291 2743 1680 2816 perfectiorum

47 2809 390 2885 plantarum,
430 2825 669 2866 ceterum
705 2813 989 2866 corollato.

188 2894 626 2955 AFFlNlTAS.
702 2896 854 2949 Ordo
884 2894 1029 2948 inter
1058 2892 1522 2972 Gasteromycetes
1548 2860 1679 2960 cen-²

47 2969 219 3031 traliS,
249 2968 446 3022 eximie
485 2967 770 3033 naturaIiS‚
801 2967 1056 3044 sporidiis
1097 2969 1332 3098 copiosas
1367 2972 1514 3028 laxis
1548 2994 1675 3030 cen-

120 3058 172 3106 P,
194 3058 274 3102 ΠΙ.
306 3057 416 3099 Sect.
451 3058 495 3100 1.
