1887 3255
577 113 1195 172 SCLEROGOGGUM
1599 114 1709 178 257

212 261 522 316 Acervulos
560 259 763 312 format
811 259 1085 312 tenuiores
1134 277 1295 330 quam
1331 261 1562 334 prioris,
1613 268 1708 322 sed

19 386 31 399 ὁ
70 334 370 404 elongatOS,
422 333 627 403 lineam
660 331 875 400 longos..
960 330 1186 383 Peridia
1222 344 1460 385 ceterum
1486 337 1708 407 prioris,

53 406 242 475 magis
274 417 454 458 tamen
491 401 742 456 rotunda.
815 405 882 475 Iu
910 402 1194 468 parietibus
1235 423 1264 454 e
1305 404 1441 457 Pino
1489 408 1711 462 silvestri

55 477 341 531 exstructis
372 477 428 528 in
463 475 602 527 silvis
635 472 981 526 Smolandiae.
1086 479 1266 526 Ferme
1291 479 1553 544 perennis.
1614 484 1706 552 (v,

55 568 113 604 v.
152 549 221 600 ad
257 548 595 619 Aenglador,
634 560 770 614 quae
811 543 1042 613 dicunt.)

59 634 113 689 3.
186 639 241 688 G.
282 633 568 693 ciro-inam,
604 628 834 702 peridiis
866 629 1208 700 subglobosis
1255 634 1387 688 atris
1426 635 1488 690 in
1529 637 1705 694 circu-

198 704 283 757 los
326 702 620 776 dispositis.

116 789 165 832 C.
193 790 412 833 circinans.
476 792 526 836 S.
552 791 623 836 M.
656 791 699 834 1.
729 802 781 843 p.
811 790 944 832 XLI.
982 789 1218 834 Desmaz.!
1258 805 1347 836 exs.
1382 807 1428 841 n,
1464 797 1571 844 330,

229 847 375 899 Prae
404 845 595 898 ceteris
630 844 878 916 insigne,
921 864 1022 897 nec
1059 856 1120 898 ut
1152 858 1322 901 status
1353 849 1704 923 imperfectus

59 918 127 972 acl
163 917 314 973 aliud
353 916 660 988 vegetabile
698 917 1067 970 referendum.
1150 921 1422 974 Acervuli
1471 923 1704 981 circulos

59 991 300 1046 formant
335 996 371 1055 ἐξ
406 1020 478 1028 -
519 991 550 1042 1
592 1008 714 1040 unc.
765 989 937 1056 latos,
986 989 1357 1057 orbiculares,
1408 992 1468 1045 in
1517 1010 1703 1052 centro

58 1080 277 1119 vacuos,
340 1059 569 1114 Peridia
609 1071 849 1113 ceterum
886 1061 1130 1113 conferta
1167 1063 1447 1133 magisque
1484 1071 1704 1139 regula..

59 1133 173 1200 ria,
233 1132 464 1205 pulvere
521 1132 705 1185 minus
755 1134 1044 1205 conspicuo
1093 1152 1255 1202 quam
1295 1134 1356 1186 in
1402 1136 1700 1206 prioribus·

58 1202 196 1259 Nees
221 1203 432 1275 primus
465 1203 869 1259 determinavit.
946 1209 1014 1257 In
1064 1205 1348 1258 Arundine
1395 1214 1703 1279 Plzragmite

60 1287 303 1339 emortua,
332 1287 573 1329 autumno
611 1307 683 1314 -—
708 1294 841 1333 vere.
877 1277 955 1342 (v.
993 1277 1068 1349 V.)

361 1418 466 1477 Xl.
535 1415 1169 1474 SGLEROCOGGUM.
1208 1419 1256 1473 F
1259 1420 1387 1476 ries,

118 1507 245 1549 ‚Fr-ies
273 1511 386 1564 Sys!-
418 1505 509 1547 orb.
542 1519 642 1560 veg‚
669 1511 711 1551 1.
730 1520 781 1560 p,
803 1507 902 1548 172.
934 1505 1172 1556 spilomatis
1198 1521 1314 1559 spec.
1343 1509 1452 1555 Aen.
1480 1523 1572 1567 eyn,
1591 1527 1636 1566 p,
1659 1515 1704 1560 2,

205 1576 435 1630 CHAR.
515 1575 743 1629 Peridia
784 1575 975 1636 firma,
1019 1575 1195 1638 nuda,
1247 1595 1483 1649 superne
1518 1600 1701 1649 exesa,

62 1647 229 1701 sarcta
263 1647 523 1721 sporidiis
557 1645 798 1717 globosis
829 1645 1012 1717 opacis
1042 1645 1190 1700 inter
1219 1667 1277 1701 se
1311 1660 1363 1700 et
1398 1669 1520 1703 cum
1552 1654 1703 1724 peri-

57 1719 147 1774 dio
184 1719 245 1772 in
283 1719 627 1772 tuberculum
663 1728 808 1770 arcte
848 1716 1234 1787 conglutinata.
1318 1724 1535 1790 Atrum,
1577 1744 1705 1791 gre-

54 1790 293 1860 garium,
327 1791 616 1857 liberatum,
654 1790 817 1841 thalla
857 1790 1011 1845 nullo.

201 1859 609 1917 HISTORIA.
671 1859 1016 1913 Parasitatur
1049 1859 1111 1912 in
1140 1862 1336 1915 crustis
1372 1862 1699 1933 Liehenum,

52 1952 224 2004 quare
260 1953 362 2006 pro
403 1931 685 2004 apothecio
719 1930 978 1983 Lichenis
1020 1930 1270 1987 habitum
1313 1933 1449 2005 fuit3
1503 1948 1583 1989 est
1619 1950 1702 1991 ta-

32 2001 186 2057 'men
226 2004 506 2058 evidenter
536 2004 724 2074 planta
755 2002 1005 2071 fungosa.
1071 2001 1160 2055 Ob
1191 2005 1468 2076 peridium
1496 2006 1705 2082 imper-

58 2076 276 2142 fectum,
310 2088 371 2126 ut
411 2093 638 2144 sequens
682 2091 868 2143 genUS,
907 2073 1138 2145 ambigit
1177 2075 1324 2128 inter
1360 2077 1507 2130 hunc
1552 2081 1704 2134 ordi-

56 2165 186 2200 nem
219 2159 272 2199 et
311 2144 753 2219 Coniomycetes,
799 2144 893 2197 sed
931 2156 1046 2196 tam
1082 2145 1301 2200 habitus
1338 2168 1500 2218 quam
1536 2171 1702 2223 vege-

58 2218 192 2272 tatio
229 2218 338 2270 huc
380 2217 644 2274 referunt.
711 2215 824 2268 Nec
869 2214 1111 2288 sporidia
1152 2219 1518 2290 superficialia
1555 2237 1699 2289 sunt,

59 2290 154 2344 sed
187 2289 334 2343 intus
360 2287 748 2359 conglutinata.
824 2285 1038 2341 Nomen
1074 2306 1107 2340 a
1136 2292 1372 2364 σκλερος
1403 2305 1455 2344 et
1497 2314 1702 2360 κοκκος

58 2360 400 2426 derivatum,
451 2378 582 2430 nam
630 2376 828 2413 cornea
875 2359 993 2411 fere
1045 2359 1246 2414 duritie
1287 2364 1356 2415 ab
1404 2362 1700 2438 Illosporio

60 2432 281 2487 recedit.
353 2430 524 2486 Caute
575 2431 1020 2502 distinguendum
1047 2432 1114 2484 ab
1163 2432 1355 2487 itidem
1405 2438 1700 2507 parasitico

63 2504 635 2574 sz'lomatekverrucoso
657 2501 897 2556 Flo'rkei
926 2514 1046 2571 etc„
1074 2503 1308 2560 Toruh's
1321 2507 1496 2578 magis
1523 2510 1698 2565 affini.

59 2590 116 2642 1.
189 2576 786 2643 scL'ERococcUM
818 2586 1106 2654 sphaerula».

118 2673 299 2717 Locidea
325 2671 544 2725 papillosa.
607 2671 755 2719 ,AchJ
788 2672 912 2720 Lien.
941 2673 1057 2721 univ.
1082 2689 1134 2729 p.
1166 2677 1270 2723 171.
1297 2681 1435 2727 quoad
1466 2682 1698 2731 apothecia.

178 2734 364 2784 Spiloma
390 2735 620 2783 sphaerale,
674 2731 795 2778 ,Ac-h,
827 2744 919 2785 syn.
943 2732 1066 2779 Lich,
1086 2748 1136 2788 p,
1164 2738 1208 2776 2.
1237 2738 1377 2780 Mart.
1413 2738 1485 2782 Fe.
1518 2741 1616 2786 Erl,
1645 2758 1700 2796 p,

178 2815 240 2889 ἴ
258 2793 451 2890 ἒέἰὸειοο,
490 2792 722 2842 sphaerale.
789 2790 914 2832 Fries
944 2791 1082 2841 δεῖεν.
1113 2807 1200 2835 exs.
1236 2807 1280 2844 n,
1315 2796 1416 2837 179.
1462 2797 1585 2847 Lich,
1609 2814 1699 2850 τις,

245 2901 605 2976 Gregarium,
644 2903 1032 2975 subglobosum
1051 2943 1068 2968 ,
1121 2903 1424 2976 Sphaeriae
1457 2911 1699 2967 minutae

57 2974 218 3044 facie,
257 2994 502 3049 opacum,
546 2986 742 3029 atrum.
810 2974 1098 3029 Peridium
1136 2979 1203 3030 ab
1235 2977 1491 3034 interiori
1520 3002 1699 3039 massa

125 3064 180 3112 ι’.
201 3064 282 3108 111.
311 3064 423 3105 sect.
457 3064 503 3107 1.
1279 3047 1318 3103 S
