1887 3255
685 134 1116 195 PH‘YSARUM
1607 143 1709 194 127

44 310 54 319 .
132 237 139 243 ’
223 311 228 317 -
293 280 429 334 xx.
500 278 948 334 PHYSARUM.
1020 280 1215 334 Pers.
1261 301 1350 333 ex
1396 301 1506 334 em.

148 378 347 422 Trichiae
385 394 497 432 spec.
534 381 659 421 Hall.
691 381 721 424 l,
754 395 790 419 c.
830 405 889 413 -·
921 383 1115 433 Trenwp.
1138 382 1170 426 l.
1193 395 1232 420 e.
1263 381 1561 430 Sphaerocarpi
1598 396 1711 431 spec,

206 442 328 483 Ball.
369 441 401 482 l.
427 455 465 486 c,
493 438 670 491 Physari
698 450 810 488 spec.
834 443 954 482 Pers.
978 439 1086 490 dis-p,
1105 456 1154 495 p,
1180 440 1223 484 8,
1267 444 1378 482 Nees
1398 443 1510 492 Syst,
1527 453 1578 492 p,
1616 444 1711 483 113,

205 524 266 532 --
298 499 420 539 Fries
447 502 558 553 Syst.
599 497 690 542 orl),
717 509 814 547 veg.
850 500 891 542 1,
915 510 961 550 p.
988 496 1086 536 140.

280 565 509 621 CHAR.
592 565 881 619 Peridium
919 565 1189 638 simplex,
1227 569 1718 631 membranaceum,

89 639 465 701 tenerrimum,
505 639 729 700 nudum,
766 638 1177 710 glaberrimum7
1210 640 1591 712 irregulariter
1627 641 1723 692 de·-

77 708 322 766 ‘biscens
405 712 711 763 Columella
746 711 913 762 nulla.
1012 709 1271 781 Sporidia
1324 719 1488 779 laxa,
1541 713 1721 764 floccis

92 782 307 853 peridio
348 781 559 834 adnatis
598 782 910 835 intertexta.
981 784 1343 835 Determinata
1363 826 1374 848 ,
1422 785 1723 851 subregulu-

94 853 195 919 ria‚
225 853 370 905 varie
411 856 640 906 colorata
652 876 670 919 ‚-
703 853 946 923 sporidiis
981 853 1148 920 nigris
1167 855 1492 924 fidiginosis.

239 935 690 993 MORPHOSIS
723 949 774 990 et
796 938 1027 990 affinitas
1050 938 1269 991 omnino
1296 939 1527 995 (luorum
1566 960 1727 1012 prae-

97 1009 406 1064 cedentium
452 1029 748 1081 generum,
811 1008 1004 1079 quibus
1057 1010 1222 1062 etiam
1268 1012 1508 1065 maxime
1547 1012 1731 1064 affinia

100 1094 227 1136 sunt
265 1083 519 1157 Physara
562 1094 612 1134 et
653 1099 686 1133 a
723 1081 1026 1154 plerisque,
1067 1081 1267 1134 horum
1288 1103 1551 1152 generum
1578 1084 1729 1135 limi-

18 1183 25 1188 κ
101 1155 246 1208 tibus
287 1154 442 1209 varie
479 1153 698 1226 positiS,
737 1153 1130 1206 immiscentur.
1225 1151 1426 1208 Nostro
1465 1174 1626 1208 sensu
1664 1154 1733 1206 ad

103 1227 208 1284 hoc
244 1246 414 1297 genus
456 1238 669 1277 tantum
720 1225 1039 1278 referendae
1081 1236 1233 1290 sunt,
1273 1226 1473 1298 species
1519 1225 1733 1299 peridio

105 1298 361 1370 simplici,
401 1298 530 1350 inde
569 1296 868 1349 tenerrimo
903 1297 963 1349 in
989 1297 1364 1362 normalibus;
1407 1301 1603 1351 cortice
1637 1317 1736 1350 ex-

105 1370 301 1422 teriori
337 1384 449 1422 tam
490 1380 765 1422 crustaceo
799 1369 1156 1439 (Didermata)
1193 1368 1439 1433 discreto,
1480 1382 1642 1440 quam
1677 1368 1738 1420 in

107 1441 382 1495 furfurem
411 1441 587 1493 soluto
632 1440 957 1510 (Didymia)
998 1439 1296 1496 destitutae.
1371 1440 1494 1494 Hoc
1546 1443 1737 1494 chara-

110 1525 256 1565 ctere
282 1532 416 1565 mox
456 1531 488 1562 a
530 1511 816 1584 Didymiis
859 1512 1146 1573 recedunt,
1190 1523 1250 1562 ut
1306 1512 1470 1564 etiam
1524 1512 1738 1585 peridio

110 1603 244 1638 vero
268 1582 527 1636 laciniato
545 1610 599 1644 -‚
619 1583 802 1634 rarius
840 1583 1190 1652 squamuloso
1208 1582 1556 1636 -dehiscente
1571 1623 1586 1646 ,
1613 1586 1740 1636 sub-

111 1656 460 1729 persistente3
498 1654 630 1706 dum
661 1673 858 1708 verum
881 1654 1158 1728 peridium
1177 1654 1239 1706 in
1270 1652 1555 1728 Didymiis
1580 1655 1743 1709 valde

115 1728 414 1781 obsoletum
454 1739 548 1778 est.
615 1727 872 1788 Giom'um,
923 1739 1184 1795 quatenus
1226 1744 1257 1777 a
1299 1725 1553 1799 Physaro
1593 1728 1745 1780 colu-

113 1800 282 1852 mella
314 1809 528 1865 tantum
562 1799 794 1863 recedat,
830 1797 992 1851 etiam
1026 1799 1134 1851 huc
1170 1797 1363 1864 traho3
1396 1818 1589 1852 verum
1617 1819 1746 1870 spe-

117 1871 227 1924 cies
249 1869 462 1942 generis
490 1869 641 1922 citati
679 1889 884 1933 omnes,
898 1888 1028 1940 quas
1046 1869 1382 1936 examinavi,
1407 1871 1605 1923 cortice
1626 1874 1747 1923 fur-

117 1943 338 1995 fur-aceo
381 1941 605 1994 indutae
642 1953 769 1994 sunt
802 1941 1031 2011 ideoque
1067 1960 1202 1995 vera
1246 1939 1532 2014 Didymia.
1622 1942 1749 2011 Quo

118 2015 324 2066 factum
354 2024 456 2077 est,
490 2024 550 2064 ut
586 2011 830 2084 Physari
863 2012 1142 2065 character
1174 2012 1523 2066 columellam
1561 2015 1750 2065 exclu-

123 2086 231 2147 dat,
271 2084 413 2154 quod
447 2103 509 2136 eo
542 2084 776 2156 optatius
804 2084 927 2149 fuit,
967 2104 1089 2137 cum
1122 2083 1323 2137 limites
1361 2103 1392 2137 a
1427 2083 1749 2151 Stemonite,

121 2176 324 2229 genere
369 2155 572 2208 eximie
631 2157 896 2227 analogo‚
935 2156 1038 2208 hac
1076 2175 1138 2209 re
1192 2155 1460 2208 acutiores
1503 2156 1752 2211 evadant.

124 2228 284 2282 ——In
302 2238 416 2279 tota
450 2227 781 2281 evolutionis
811 2228 980 2281 series
1004 2228 1232 2300 insuper
1264 2227 1603 2280 admirabilis
1631 2246 1755 2281 cum

124 2301 450 2356 Didermate
490 2310 543 2350 et
570 2298 843 2373 Didymio
881 2300 1159 2371 analogia,
1195 2299 1272 2352 ita
1307 2311 1368 2351 ut
1400 2320 1511 2353 non
1544 2311 1757 2352 tantum

124 2391 350 2447 prorsus
376 2370 593 2423 eaedem
626 2373 849 2424 redeant
875 2372 1077 2439 tribus,
1106 2372 1199 2424 sed
1226 2371 1293 2423 ad
1327 2370 1568 2441 singulas
1593 2370 1759 2424 etiam

127 2444 332 2517 species
365 2460 482 2495 eam
518 2445 770 2515 persequi
805 2443 982 2496 liceat.
1074 2443 1165 2497 Sic
1200 2443 1346 2496 inter
1381 2442 1634 2517 Physara
1669 2442 1757 2494 in-

129 2519 261 2570 fima
290 2533 499 2585 quoque
542 2534 746 2583 paucae
791 2516 982 2583 species
1001 2514 1196 2587 floccis
1237 2533 1450 2583 prorsus
1484 2515 1759 2566 destitutae

134 2597 440 2646 occurrunt,
479 2606 603 2649 cum
634 2586 860 2655 reliquis
915 2587 1057 2639 serie
1119 2587 1370 2656 contigua
1425 2585 1757 2658 conjunctae,

134 2680 190 2714 v.
223 2679 269 2714 e.
308 2658 472 2711 Licea
502 2657 696 2726 pusilla
719 2657 944 2712 Schrad.
1012 2658 1238 2711 Floccos
1282 2658 1341 2709 in
1367 2656 1640 2727 speciebus
1663 2657 1759 2708 sti-

133 2730 247 2804 pite
278 2729 509 2781 discreto
543 2729 821 2782 instructis
852 2729 1012 2782 basin
1045 2750 1234 2784 versus
1271 2741 1481 2781 tantum
1519 2728 1759 2790 adnatos,

136 2814 192 2854 at
252 2800 313 2853 in
358 2799 586 2868 reliquis
637 2801 886 2854 tribubus
936 2801 1139 2873 peridii
1183 2799 1478 2872 parietibus
1522 2798 1762 2868 undique

132 2874 346 2925 adfixos
386 2871 644 2926 vidimus.
762 2875 839 2926 At
891 2873 1150 2926 transitus
1201 2870 1429 2943 plurimi
1480 2870 1762 2924 levitatem

128 2943 293 3008 hujus
325 2942 664 2996 differentiae
699 2945 944 3015 probant.
1018 2943 1197 3015 Magis
1243 2941 1586 2994 essentialem
1627 2960 1760 2992 ano—

122 3015 354 3070 *maliam
391 3015 628 3069 offerunt
675 3015 879 3088 species
924 3016 1084 3087 gleba
1135 3017 1428 3068 floccorum
1482 3029 1533 3065 et
1582 3011 1761 3086 spori-
