1887 3255
671 140 674 145 f
696 115 1057 171 mAcHEA
1591 115 1698 171 155

461 259 654 324 xxii.
723 257 1096 313 mAcHEA.
1146 235 1320 315 Fries.

132 380 330 424 'trichiae
358 390 472 430 spec.
502 375 624 420 Ball.
661 372 900 415 Stemoniu's
930 377 1123 428 Trentep.
1147 379 1267 420 Pers.
1287 397 1344 407 —
1367 374 1561 417 Diachea.
1586 375 1706 418 Eric,

199 444 315 497 Syst.
361 437 452 483 orb.
483 447 579 487 veg.
614 436 658 474 l.
695 447 743 486 p.
787 430 886 470 143.

266 528 499 588 CHAR.
581 523 870 578 Peridium
909 523 1162 596 SimpleX,
1215 529 1709 590 membranaceum,

80 604 420 662 frustulatim
445 597 749 653 deciduum.
819 592 1160 666 Capillitium
1191 618 1219 651 e
1263 602 1551 653 columella
1582 603 1713 652 ssoe-

82 690 520 748 coso-grumosa
562 667 944 740 pulverulenta
981 668 1201 723 radians
1246 673 1714 732 subreticulatum‚

83 749 347 823 sporidiis
379 739 662 813 inspersis.
744 739 1160 820 Ileterminatae,
1198 747 1457 809 regulares
1478 782 1494 810 ,
1540 743 1716 811 stipite

80 825 304 896 floccoso
338 814 621 887 suffultae,
679 811 932 879 capellano
972 812 1121 878 alba,
1169 816 1408 884 sporidiis
1455 826 1717 867 atro-ru-

84 892 334 949 bentibus-

231 996 762 1057 MORPHOSEOS
790 998 1001 1051 clavem
1031 999 1177 1052 inter
1211 998 1273 1052 M
1356 1012 1586 1070 ogastres
1618 1000 1724 1053 hoc

58 1125 63 1127 Δ
89 1095 260 1150 genus
298 1073 541 1147 primum
579 1065 720 1123 mihi
757 1070 1214 1123 subministravit.
1350 1073 1560 1142 guttula
1599 1092 1726 1123 cen-

91 1147 224 1202 trali
255 1144 495 1215 undique
532 1145 812 1216 profluunt
849 1162 1022 1197 venae
1052 1143 1528 1213 (Phlebomorphae
1562 1163 1727 1213 gene·-

93 1220 174 1274 ris
209 1225 354 1274 Pers,
386 1220 532 1287 Myc.
574 1217 724 1284 Eur.)
762 1216 982 1276 lacteae,
1017 1215 1124 1266 late
1164 1226 1214 1266 et
1245 1234 1409 1286 supra
1440 1234 1728 1284 quaecum-

97 1311 201 1363 que
242 1286 570 1364 adjacentia,
611 1286 782 1339 immo
821 1285 1094 1356 adposita,
1156 1306 1385 1358 corpora
1422 1298 1727 1358 serpentes;

97 1364 314 1437 plantas
334 1359 508 1420 vivaS,
538 1357 821 1425 Gramina,
858 1357 1058 1410 Filices
1100 1369 1196 1410 etc.
1222 1358 1436 1430 saepius
1461 1359 1731 1410 obducen-

100 1447 199 1488 tes.
277 1432 426 1485 Tam
463 1429 641 1481 subito
683 1441 1097 1499 pronascuntur,
1135 1440 1196 1481 ut
1224 1429 1342 1483 vim
1372 1428 1732 1500 vegetationis

104 1504 276 1560 oculis
304 1503 414 1554 sere
438 1500 643 1553 intueri
669 1501 852 1566 liceat3
888 1501 1034 1552 intra
1063 1501 1232 1552 horae
1269 1501 1506 1572 spatium
1532 1500 1736 1553 eximie
1802 1494 1808 1506 ⁸

103 1585 453 1651 procurrunt.
544 1569 897 1639 Colliguntur
955 1572 1082 1623 dein
1136 1571 1199 1623 in
1257 1572 1413 1625 venis
1474 1573 1736 1642 guttulae,

107 1667 245 1719 quae
279 1644 483 1699 sensim
512 1642 939 1705 consolidantur,
977 1642 1159 1714 stipite
1194 1644 1608 1705 sui-fulciuntur,
1647 1662 1742 1694 cu-

106 1721 193 1796 jus
231 1718 384 1771 nulla
423 1714 678 1788 primitus
724 1714 954 1768 discreta
993 1713 1224 1785 vestigia
1277 1727 1338 1767 ut
1379 1714 1440 1768 in
1490 1725 1743 1783 sequente

110 1809 310 1864 genere
333 1786 589 1861 primitus
617 1787 829 1854 adsunt,
855 1787 1125 1839 lutescunt
1153 1787 1475 1856 demumque
1499 1798 1746 1838 maturae

114 1865 352 1917 colorem
398 1858 651 1912 induunt.
749 1858 1037 1912 Peridium
1098 1878 1244 1910 nunc
1298 1860 1578 1912 evolutum
1634 1876 1748 1908 non

113 1934 300 1990 statim
326 1930 572 1992 exuitur,
604 1931 697 1982 sed
722 1932 1013 1982 multorum
1034 1929 1414 2001 Physarorum
1439 1949 1590 1981 more
1614 1947 1748 1980 mox

117 2015 443 2073 corrugatur
499 2012 550 2052 et
595 2001 932 2054 frustulatim
991 2000 1276 2054 delabitur.
1388 1999 1570 2072 Stipes
1626 2004 1747 2052 Me-

117 2076 400 2130 sentericae
435 2072 748 2145 primitivae
785 2071 1166 2125 residuisrbasi
1201 2091 1358 2143 saepe
1394 2071 1639 2124 seriatim
1661 2089 1751 2122 co-

118 2150 366 2207 haerent,
388 2145 605 2197 floccosi
642 2145 796 2215 quasi
827 2157 878 2197 et
909 2144 1184 2217 peridium
1218 2144 1540 2195 columellae
1576 2143 1752 2195 instar

121 2221 360 2284 intrant,
386 2237 498 2269 non
538 2229 856 2287 penetrant,
908 2237 936 2268 e
971 2235 1074 2285 quo
1119 2215 1274 2268 flocci
1313 2215 1558 2281 radiant,
1601 2226 1654 2265 at
1692 2212 1754 2265 in

125 2289 456 2364 capillitium
474 2288 758 2341 definitum
788 2287 1119 2341 reticulatim
1143 2299 1549 2340 connectuntur.
1607 2283 1756 2337 Mas-

126 2383 187 2417 sa
216 2379 501 2433 grumosa,
546 2360 848 2413 columellis
887 2360 1166 2426 solemnis,
1204 2358 1265 2411 in
1301 2359 1404 2411 hoc
1438 2376 1636 2429 genere
1671 2355 1757 2408 fa-

130 2434 287 2489 rinae
329 2432 687 2485 instar'extus
727 2451 935 2502 quoqne
979 2432 1251 2504 adspersa.

277 2548 380 2602 AF
384 2549 428 2600 F
432 2544 699 2599 INITAS
740 2557 791 2597 et
827 2543 1226 2597 HISTORIA.
1305 2543 1487 2598 Genus
1526 2543 1760 2614 Spuma-

134 2620 409 2676 rioideum
435 2619 497 2672 in
545 2616 1006 2672 Stemoniteorum
1054 2615 1305 2670 sectione.
1405 2614 1462 2667 A
1517 2616 1763 2685 Physaris

135 2691 407 2766 proximis
432 2689 645 2762 peridio
673 2700 1023 2743 evanescente
1060 2700 1111 2740 et
1147 2687 1375 2740 reticulo
1409 2686 1762 2755 dignoscitur.

139 2765 247 2819 His
286 2782 454 2836 prope
499 2762 566 2813 ad
622 2760 950 2814 Stenzonz'tem
999 2759 1233 2821 accedit,
1272 2759 1364 2811 sed
1396 2757 1461 2810 ob
1497 2757 1768 2828 peridium

142 2836 453 2896 diversum,
508 2853 700 2887 veram
737 2851 1052 2903 grumosam
1100 2830 1444 2884 columellam
1489 2841 1539 2880 et
1598 2841 1768 2881 totam

142 2906 541 2979 vegetationem
577 2903 848 2956 diversam
871 2922 982 2956 non
1022 2902 1394 2976 conjungatur.
1457 2899 1668 2953 Nomen
1698 2900 1768 2952 ob

146 2978 535 3051 mucilaginem
553 2975 794 3029 maxime
832 2993 946 3028 sese
972 2973 1365 3027 diffundentem
1390 2971 1765 3043 imposuimus
