1887 3255
698 103 1092 163 eEAsTER
1544 193 1553 201 „.
1651 106 1725 162 13

241 243 448 305 Cortex
499 248 745 304 exterior
796 249 1000 323 peridii
1037 247 1246 302 stellati
1295 248 1352 302 in
1404 248 1510 304 hac
1548 252 1729 324 specie

93 336 281 378 manet
304 319 483 376 teri-ae
520 323 807 394 adpressus
849 334 900 374 et
933 322 1062 374 inde
1099 319 1436 394 duplicatum
1475 324 1631 393 quasi
1665 326 1731 378 fit

95 396 201 448 hoe
251 410 540 447 externum
597 393 872 466 peridium
922 406 1154 463 utroque
1187 404 1358 447 strato
1399 393 1729 465 dehisnente,

99 486 333 538 quorum
376 465 608 518 interius
654 464 716 518 in
764 464 994 518 lacinias
1049 463 1236 531 4-5,
1291 465 1472 519 rarius
1520 466 1730 537 plures,

98 537 448 608 subaequales
500 537 768 600 incisum,
837 556 974 590 mox
1030 538 1340 592 revolutum
1395 536 1732 593 fornicatum

98 611 161 663 fit
202 622 256 662 et
295 608 537 682 apicibus
578 609 845 663 exteriori
880 621 1091 662 tantum
1129 610 1375 664 adfixum
1406 609 1735 682 demumque

101 681 352 735 secedens
397 680 622 734 omnino
657 681 911 738 liberum.
981 681 1047 744 In
1080 681 1185 733 hoc
1221 694 1382 745 statu,
1417 682 1619 754 absque
1644 696 1735 736 tu·-

101 754 225 806 nica
267 750 548 816 exteriori,
582 752 644 804 in
686 752 959 806 herbariis
995 753 1319 825 plerumque
1356 755 1611 820 occurrit,
1649 773 1738 808 se·-

101 824 383 895 quentium
414 824 621 886 simile,
677 838 731 877 at
775 826 975 897 pagina
1024 825 1292 878 exteriori
1345 826 1593 897 glabrata
1641 827 1739 880 ‹le-

101 897 359 951 corticata
388 916 521 948 mox
555 896 886 954 distinctum.
973 895 1262 949 Peridium
1304 897 1537 952 interius
1585 911 1738 952 exte-

101 968 241 1021 riori
277 967 563 1039 stipiteque
608 969 894 1021 suffultum
928 968 1214 1032 elevatum,
1246 969 1738 1040 globoso-acumi—

101 1053 291 1092 natum
326 1040 418 1093 vel
463 1039 626 1093 etiam
671 1040 786 1093 basi
839 1052 1208 1108 attenuatum,
1260 1041 1640 1113 magnitudine
1679 1054 1739 1096 et

103 1124 311 1183 statura
333 1111 583 1177 varium3
627 1131 720 1165 ore
759 1132 975 1185 semper
1012 1112 1358 1184 prominente
1396 1113 1740 1190 conice-cy-

102 1183 370 1248 liudrico,
412 1183 628 1249 ciliato,
666 1184 850 1238 minus
893 1185 1100 1238 sulcato
1123 1227 1136 1251 ‚
1186 1204 1348 1256 quam
1373 1186 1739 1256 sequentium.

105 1254 326 1320 „Color
363 1255 593 1308 recentis
643 1257 862 1328 plantae
909 1257 1098 1323 albus,
1152 1257 1331 1328 vsiccus
1382 1256 1741 1317 fuscescens“

105 1329 366 1389 Woodw.,
397 1327 538 1380 mihi
564 1328 777 1398 periciio
815 1329 997 1394 fuscor
1023 1328 1195 1382 radiis
1234 1329 1455 1402 pallidis
1488 1332 1748 1403 plerum-

107 1419 208 1469 que
244 1398 485 1452 obvium.
557 1399 818 1471 Sporidia
854 1401 1024 1467 fusca,
1061 1400 1209 1454 haud
1246 1401 1588 1474 pedicellata.
1648 1405 1746 1460 Ad

108 1481 302 1528 terram
337 1471 664 1538 supra-folia
702 1472 862 1539 pinea
896 1483 990 1524 etc.
1031 1484 1288 1528 autumno,
1330 1473 1412 1545 (v.
1452 1481 1522 1535 s.)

227 1545 331 1585 Obs.
374 1544 638 1585 Laciniarum
675 1559 848 1586 numero
875 1545 1026 1595 peridii
1060 1548 1279 1587 exterioris
1321 1549 1433 1587 haud
1459 1550 1581 1590 nimis
1602 1550 1744 1592 fiden-
1820 1553 1830 1557 ’

111 1605 236 1653 dum3
260 1602 542 1651 quaternarius
572 1605 740 1653 quidem
770 1605 813 1643 in
833 1607 911 1644 hoc
934 1606 1162 1663 normalis3
1194 1615 1234 1645 at
1259 1605 1391 1659 maJ'or
1441 1610 1564 1649 etiam
1593 1622 1743 1650 occur-

108 1662 161 1699 rit
184 1662 227 1699 in
253 1661 512 1717 quibusdam,
539 1673 631 1701 cum
659 1664 807 1712 quibus
829 1663 926 1702 satis
950 1665 1145 1704 convenit
1172 1667 1226 1708 G.
1255 1666 1514 1718 peclz'natum
1531 1670 1600 1720 P„
1629 1672 1743 1717 quod

110 1729 251 1759 contra
281 1732 416 1765 accur,
444 1721 654 1760 Schmidel
683 1725 734 1759 ab
773 1724 852 1761 hoc
876 1722 1132 1773 distinguere
1166 1736 1248 1764 non
1273 1737 1395 1764 ausus
1427 1740 1532 1767 sum.
1601 1729 1742 1768 Vide-

110 1787 176 1817 tur
209 1778 298 1820 Cel.
334 1782 518 1818 Persoon
552 1793 646 1820 suas
680 1781 839 1829 species
860 1782 1083 1830 praecipue
1116 1785 1169 1820 ad
1200 1783 1448 1825 Schmidelii
1478 1786 1621 1826 icones
1665 1790 1744 1826 de-

112 1837 379 1887 terminasse,
408 1839 483 1875 efr.
504 1851 546 1876 v·
593 1852 628 1882 c,
663 1841 715 1878 G.
751 1838 1004 1888 multifidum
1028 1841 1146 1889 Disp.
1187 1844 1314 1885 meth.
1356 1853 1426 1882 aut
1455 1845 1577 1884 nimis
1607 1846 1744 1885 obiter

111 1898 383 1951 observasse,
411 1895 700 1936 difficillimum
735 1898 839 1936 mihi
866 1898 969 1954 fuit,
1000 1911 1092 1937 cum
1127 1900 1231 1939 meis
1265 1902 1501 1946 conciliare.
1588 1905 1745 1944 Dubito

111 1955 227 2004 fere,
253 1954 356 1995 licet
387 1955 523 1993 omnia
563 1968 800 2006 synonyma
840 1955 962 2008 hujus
996 1958 1079 1996 loci
1113 1957 1227 2015 sint,
1281 1961 1334 1999 G.
1378 1960 1662 2016 quadrifidum
1689 1963 1742 2007 P.

110 2014 192 2050 huc
214 2009 402 2063 referre3
426 2014 561 2060 potius
590 2014 755 2053 videtur
784 2015 943 2063 species
977 2016 1186 2063 sequentis
1223 2019 1418 2058 sectionis
1437 2050 1448 2071 ,
1479 2034 1576 2059 nam
1611 2020 1746 2070 pluri·

111 2082 204 2109 mae
230 2070 393 2117 peridio
424 2072 626 2111 exteriori
658 2073 834 2111 subinde
856 2073 1087 2121 quadrifido
1117 2074 1296 2118 variant.
1352 2079 1423 2116 Ad
1453 2077 1528 2118 has
1557 2080 1610 2119 G.
1636 2093 1745 2134 qua-

111 2127 310 2176 dmffidum
342 2129 443 2171 Rec.
462 2133 658 2175 nonnull,
689 2143 746 2170 ex
774 2133 960 2181 autopsia
985 2132 1220 2175 referimus.
1274 2136 1406 2176 Immo
1433 2138 1488 2183 G.
1518 2137 1746 2192 ἦρξ’-σηιε-

110 2186 240 2226 m'cus
268 2187 522 2236 quadrifidus
562 2193 693 2235 adest.

111 2261 167 2316 3.
243 2264 311 2312 G.
348 2258 588 2326 striatas,
621 2258 832 2331 peridio
876 2258 1143 2313 exteriori
1186 2255 1426 2332 simplici
1474 2261 1747 2317 multifido

251 2331 573 2402 explanem,
618 2331 874 2384 interiori
915 2331 1366 2403 subpedicellato,
1409 2351 1502 2386 ore
1536 2335 1751 2408 promi-

258 2414 418 2454 nente
454 2402 641 2455 conico
681 2404 1150 2457 sulcato-striato.

178 2480 355 2521 Geaster
372 2488 510 2534 asper,
531 2490 701 2528 parvus,
722 2478 918 2518 umbilico
933 2487 1143 2529 coronato,
1169 2478 1364 2529 pediculo
1396 2479 1591 2529 perbrevi
1613 2483 1746 2521 dona-

226 2544 308 2579 tus,
349 2535 482 2578 Mich.
506 2549 609 2585 gen.
636 2537 797 2591 t.2100‚
821 2537 919 2583 733.
945 2540 1070 2582 bona,
1104 2538 1295 2588 Repetite
1308 2538 1352 2578 in
1378 2540 1745 2587 Gled.meth‚t,6.

223 2594 262 2641 f.
295 2607 435 2646 ευμεν,
475 2594 556 2633 sin.
580 2595 740 2645 Lycop.
778 2604 1030 2635 coronatum.
1077 2598 1201 2650 Scop.
1230 2599 1366 2640 Cam.
1398 2612 1438 2643 2.
1454 2612 1503 2650 p·
1539 2597 1643 2642 491,
1669 2612 1745 2636 ex·

225 2652 328 2694 clas.
361 2665 454 2705 syn.
472 2652 733 2708 aliorumque
754 2655 805 2696 L.
840 2654 1148 2701 pedicellatum.
1207 2655 1380 2697 Ratsch.
1417 2657 1494 2696 El.
1544 2672 1589 2711 p,
1639 2657 1744 2701 151.

233 2710 396 2753 JVilld.
435 2711 535 2749 Ber.
583 2725 626 2760 p.
675 2711 778 2755 413.
820 2711 897 2764 (in
938 2710 1055 2764 cujus
1092 2714 1284 2752 herbario
1324 2712 1492 2770 adestl)
1516 2714 1569 2757 L.
1600 2718 1744 2754 stella-

223 2773 325 2810 tum,
384 2771 429 2818 β.
477 2770 678 2813 Woodw.
710 2770 742 2813 l,
782 2782 818 2813 c,
851 2783 900 2822 p.
926 2770 1002 2825 58,
1041 2771 1113 2809 39.
1166 2771 1441 2825 (Erycumf.
1485 2772 1593 2824 19.)
1655 2774 1742 2812 Ge-

227 2834 326 2864 astr.
344 2835 596 2869 coronatum.
629 2828 675 2877 β.
696 2831 816 2871 Pers.
840 2839 932 2882 syn.
953 2842 1000 2881 p.
1025 2831 1125 2872 132.
1156 2832 1209 2872 G.
1228 2830 1500 2879 pectinatum.
1547 2827 1703 2892 Ejusd.
1718 2832 1743 2874 ?

230 2895 255 2922 e
277 2887 498 2924 multorum
523 2886 741 2930 sententia.
798 2887 850 2931 G.
879 2887 1081 2929 sti-iatum.
1136 2889 1329 2933 ,Dec-and,
1366 2890 1441 2935 Fr,
1487 2892 1529 2928 2.
1555 2903 1604 2942 p,
1637 2891 1740 2930 267.

253 2939 543 2993 Peridium
576 2942 816 2994 exterius
855 2943 1210 3014 explanatum
1241 2957 1332 2996 aut
1370 2944 1588 2997 demum
1613 2946 1744 2998 sub-

110 3010 396 3080 reflexum,
423 3012 666 3067 coriaceo
685 3041 710 3057 -
727 3014 1219 3084 membranaceum,
1240 3035 1364 3069 cum
1395 3016 1594 3070 cortice
1612 3037 1744 3070 con-
