1887 3255
611 123 1139 182 LYGOPERDON
1624 124 1696 183 31

71 281 176 334 hac
209 276 387 350 specie
426 272 664 346 optimus
702 269 876 322 fomes
912 289 1122 340 quoque
1176 281 1417 342 paratur.
1487 269 1700 344 Analy-

74 352 163 408 sin·
197 347 496 402 chemicam
532 342 682 396 vdedit
708 343 850 394 Jolm
880 341 1074 410 (Glzem.
1113 343 1286 398 tabell.
1317 361 1376 411 p.
1408 340 1520 410 47).

217 448 385 501 obs.
437 445 493 496 2.
570 440 718 494 Tam
766 439 941 490 multa
990 438 1214 514 insuper
1260 441 1325 494 de
1371 442 1475 495 hac
1525 443 1703 526 specie

76 520 384 575 enarranda
425 516 649 579 adsunt,
704 522 764 562 ut
802 510 1041 563 nesciam
1064 549 1079 578 ‚
1128 530 1259 582 quas
1299 513 1704 568 observationes

74 593 402 667 praeferam.
485 585 579 640 Sic
605 602 761 655 saepe
791 582 851 635 in
878 582 1048 652 fungo
1087 598 1334 638 recenter
1366 598 1552 659 aperto
1580 606 1704 658 spo-

73 665 219 719 ridia
272 654 853 725 olivaceo-fuliginea
902 674 1136 726 superne
1176 669 1344 710 strato
1386 657 1538 710 tenui
1581 678 1707 729 spo-

74 736 348 791 ridiorum
396 733 703 793 luteorum,
779 738 834 778 at
881 726 1091 797 fugaci,
1144 729 1397 782 obvelata
1446 730 1704 795 vidimus,

77 807 299 863 omnino
335 816 396 856 ut
427 803 488 855 in
527 800 719 855 Galia-io
752 799 952 851 roscido
985 812 1085 850 etc.
1127 818 1348 852 cernere
1381 802 1524 854 licet.
1602 801 1708 855 Vi-

76 882 235 933 detur
267 878 448 946 itaque
496 886 547 925 et
592 871 754 946 hujus
782 870 1038 941 sporidiis
1076 868 1254 923 inesse
1291 874 1521 925 materia
1560 875 1708 927 colo-

0 967 6 972 ’
74 971 204 1006 rans
247 951 543 1007 lutescens,
589 963 752 1013 quam
790 942 1061 1012 sequentis
1098 943 1274 996 tribus
1313 945 1556 1015 sporidia
1594 966 1710 998 ser-

76 1036 225 1082 vant,
264 1022 355 1074 sed
391 1019 452 1071 in
487 1018 589 1069 hac
632 1013 808 1087 specie
850 1014 916 1066 ob
963 1015 1191 1086 pulpam
1235 1017 1410 1085 magis
1464 1017 1712 1070 fluxilem

75 1093 232 1166 quasi
258 1088 689 1162 decomponitur,
727 1087 871 1138 unde
895 1106 1169 1139 summum
1192 1099 1422 1140 stratum
1460 1109 1593 1160 pure
1622 1091 1711 1141 lu-

76 1180 244 1233 teum,
277 1163 489 1233 reliqua
519 1159 761 1231 sporidia
788 1178 924 1230 pure
950 1158 1542 1231 olivaceo—fuliginea,
1582 1163 1714 1215 dum

78 1238 263 1293 omnia
301 1237 363 1289 in
397 1241 461 1288 L.
490 1243 750 1301 gemmato
788 1242 881 1283 etc.
925 1229 1546 1286 olivaceo-lutescentia
1593 1254 1713 1286 ma·
1780 1226 1783 1229 ¹

77 1322 224 1364 nent.
284 1304 757 1362 Considerandum
793 1303 1018 1373 insuper
1050 1302 1324 1374 peridium
1364 1310 1432 1357 L.
1470 1307 1715 1359 Bovis-tae

74 1381 254 1452 magis
286 1391 564 1452 apertum3
607 1393 773 1447 supra
813 1373 930 1457 jam
965 1375 1277 1428 notavimus
1323 1376 1485 1451 hujus
1520 1379 1715 1430 subor-

82 1454 227 1507 ‹linis
260 1449 521 1524 sporidia,
543 1467 648 1518 quo
680 1465 853 1515 magis
880 1445 942 1497 in
970 1446 1091 1498 luce
1118 1445 1437 1516 gignuntur,
1472 1470 1533 1502 eo
1571 1450 1716 1502 dilu-

80 1528 224 1580 tiora
248 1523 387 1575 fieri.
466 1519 671 1572 Omnia
700 1537 910 1587 quoque
936 1515 1205 1570 e’usmodi
1230 1519 1525 1589 specimina
1563 1523 1715 1575 coelo

80 1599 215 1651 sicco
248 1613 440 1647 sereno
472 1593 610 1644 lecta
646 1601 789 1644 sunt.
840 1619 912 1628 —
990 1589 1138 1660 Iagis
1190 1591 1364 1643 adhuc
1413 1592 1718 1663 singularia

82 1680 210 1724 sunt
252 1665 415 1741 hujus
458 1662 660 1736 speciei
692 1660 997 1726 individua,
1039 1681 1071 1714 a
1109 1662 1334 1732 Ahnsell
1366 1665 1525 1716 nobis
1562 1677 1720 1735 quot-

83 1763 186 1814 que
226 1741 421 1800 allata,
456 1748 568 1789 toto
600 1747 859 1787 contextu
896 1734 1090 1800 (etiam
1125 1735 1283 1786 strati
1321 1736 1548 1808 sterilis)
1586 1740 1719 1790 floc-

83 1834 206 1867 coso
247 1823 342 1866 etc.
376 1807 634 1882 sporidiis
668 1806 870 1859 eximie
918 1806 1214 1861 vitellinis!
1292 1806 1552 1861 Morbosa
1588 1829 1720 1880 pro-

85 1887 173 1939 cul
200 1884 365 1937 (lubia
402 1892 530 1934 sunt
569 1891 620 1932 et
670 1877 956 1951 morphosi
992 1877 1166 1931 nimio
1204 1880 1415 1942 calore,
1452 1893 1513 1932 ut
1554 1900 1720 1953 appa-

84 1971 197 2022 ret,
235 1953 608 2028 praecipitata.
669 1949 959 2027 Ejusmodi
984 1962 1153 2003 status
1183 1951 1428 2004 vitellini
1453 1953 1721 2024 plurima-

86 2050 213 2083 rum
247 2026 548 2099 specierum
576 2020 739 2096 hujus
770 2022 984 2093 generis
1009 2023 1220 2074 adsunt.
1286 2023 1587 2093 Utriusque
1616 2025 1722 2076 hu-

79 2102 170 2176 jus
206 2095 604 2153 observationis
638 2095 916 2165 analogias
949 2094 1010 2146 in
1051 2100 1182 2148 Bov.
1222 2095 1541 2162 nigrescente
1572 2096 1721 2149 vidi-

84 2192 223 2226 mus.
255 2205 326 2212 ——
362 2168 618 2238 Denique
654 2165 715 2219 in
753 2173 821 2221 L.
860 2167 1103 2220 Bovistae
1140 2167 1545 2238 exemplaribus
1582 2168 1721 2221 falce

85 2243 540 2298 foenimessorum
571 2240 632 2292 in
670 2251 814 2292 statu
855 2237 1064 2313 juniori
1100 2239 1404 2293 vulneratis
1442 2240 1722 2310 singulare

85 2317 171 2370 vis
211 2310 747 2387 reproductivaevidi
784 2330 904 2363 mus
960 2311 1260 2383 specimen,
1313 2310 1722 2365 Scleroderma-

87 2400 203 2441 tum
248 2401 360 2453 etc,
420 2383 746 2455 morphosin
791 2383 994 2435 eximie
1043 2383 1348 2437 illustrans·
1439 2382 1725 2437 scissurae

90 2476 288 2532 nempe
320 2458 428 2511 tela
468 2456 738 2525 contigua,
772 2456 1204 2517 membranacea,
1244 2455 1484 2528 pallida,
1525 2475 1553 2509 e
1593 2458 1726 2509 floc-

90 2532 166 2585 cis
202 2551 334 2585 vere
371 2527 628 2598 capillitii
666 2539 917 2580 contexta
954 2539 1004 2579 et
1042 2528 1451 2595 transformata,
1488 2528 1730 2582 Aethalii

92 2603 278 2657 stratis
319 2600 604 2654 simillima
626 2639 639 2661 ,
682 2598 1052 2651 insarciuntur
1082 2613 1134 2652 et
1164 2604 1358 2653 coeunt
1391 2612 1609 2652 sanatae
1634 2600 1727 2652 vel

94 2676 240 2728 circa
273 2673 549 2743 singulum
585 2671 805 2732 lobum,
844 2669 893 2722 si
924 2672 1253 2741 profundius
1304 2671 1586 2725 diversum
1637 2671 1726 2732 sit,

93 2767 302 2801 novum
333 2745 489 2797 laeve
527 2744 800 2795 formatur
829 2742 1118 2813 peridium.
1187 2742 1279 2796 Ex
1311 2744 1414 2795 hac
1454 2744 1728 2796 observa-

92 2819 242 2871 tione
276 2817 638 2885 Elaphomycis
679 2826 730 2866 et
760 2825 1031 2866 structura
1061 2816 1261 2868 clarius
1289 2817 1476 2867 elucet.
1538 2813 1728 2868 Strata

96 2890 259 2964 hujus
297 2887 711 2941 membranacea
755 2885 1104 2957 disseptantia
1155 2888 1437 2942 evidenter
1493 2888 1727 2956 analogo

94 2963 257 3016 modo
289 2959 567 3027 oriuntur3
594 2959 759 3030 pulpa
786 2977 981 3029 nempe
1007 2959 1226 3012 interna
1238 2959 1509 3030 rigescens
1536 2971 1726 3032 sponte

90 3033 320 3086 finditur
357 3043 412 3083 et
446 3050 618 3085 vacua
655 3028 830 3103 spatia
873 3030 1027 3083 flocci
1073 3033 1263 3085 eadem
1313 3031 1435 3102 lege
1484 3029 1727 3084 contexti

1224 3178 1240 3199 Χ
