1887 3255
673 115 1059 173 DEMATlffl
1070 158 1083 171 .
1583 123 1695 176 339

35 271 240 330 'eaque
269 258 637 328 conglutinata
658 267 900 312 tantum.
965 257 1215 310 Vidimus
1252 268 1305 309 et
1339 257 1401 308 in
1419 257 1697 331 Dactyliis

76 344 126 384 et
164 330 226 383 in
269 328 649 403 Botrytidibus
692 330 963 398 guttulam
1015 328 1424 400 primordialem
1473 330 1697 383 similli-

6 442 11 447 .
75 422 226 456 mam
262 402 326 471 (5.
364 402 412 456 d.
453 418 669 474 sporam
705 404 765 452 V
761 400 1043 470 erticillii),
1088 419 1222 469 quae
1246 419 1379 454 vero
1414 399 1474 452 in
1494 405 1696 472 Dacty-

75 475 154 526 lio.
181 473 242 533 in
279 473 501 526 unicum
548 470 852 542 sporidium
901 472 1259 554 compositum
1297 472 1435 538 abit,
1475 471 1538 524 in
1585 479 1697 526 Bo-

73 546 266 616 tvytide
308 544 369 597 in
407 542 647 616 sporidia
682 541 949 613 simplicia
984 544 1214 595 dlscreta
1253 542 1558 596 collabitur.
1631 548 1696 598 In

74 616 394 687 Stachylz'dio
429 634 560 669 vero
594 623 645 665 et
683 613 922 667 Oeclemio
955 634 1063 667 non
1098 615 1353 686 primitus
1403 616 1696 670 collabitur

72 688 178 740 ista
225 707 386 760 spora
427 683 829 758 primordialis,
876 686 981 737 sed·
1010 687 1252 757 sporidia
1297 686 1569 759 simplicia
1606 690 1696 741 in-

73 759 261 812 cludit.
340 757 618 813 Peridiola
660 754 772 830 jam
823 757 931 808 dici
986 771 1204 827 possent
1234 778 1457 830 sporae,
1507 759 1616 813 nisi
1662 780 1695 813 a

71 831 254 884 floccis
284 830 545 882 discretae
588 839 779 881 essent.
846 826 1066 880 Horum
1101 849 1366 898 generum
1399 850 1592 902 sporae
1632 852 1694 886 re

70 902 190 973 ipsa
227 913 437 952 tant-um
473 910 599 952 sunt
635 897 877 970 sporidia
907 900 1375 969 Helnu'ntlzosporii
1408 915 1458 953 et
1490 908 1694 974 Dacty-

70 974 135 1025 liz·
161 972 476 1037 rotundata,
510 970 826 1044 sporidiolis
854 970 915 1023 in
939 971 1182 1043 sporidia
1222 972 1488 1046 (ejusdem
1511 975 1694 1046 ‹ligni-

68 1044 194 1097 tatis
227 1063 289 1096 ac
321 1043 558 1115 sporidia
592 1041 892 1114 Botrytidis
940 1054 992 1094 et
1031 1041 1397 1116 Myxotrichi)
1450 1049 1691 1101 mutatis-

69 1115 324 1168 Tandem
354 1116 412 1168 in
452 1134 664 1167 summo
698 1113 976 1183 utriusque
1015 1115 1177 1167 seriei
1213 1135 1414 1186 genere
1456 1118 1693 1187 sporidia

67 1186 337 1259 simplicia
396 1187 546 1257 apice
592 1185 822 1257 capitato
850 1216 875 1226 ·-
902 1199 1168 1255 congesta.
1260 1186 1336 1240 Ut
1384 1187 1692 1242 illustretur

66 1270 178 1311 tam
209 1279 384 1311 nexus
405 1278 665 1328 generum
698 1276 859 1326 quam
896 1257 1266 1329 sporidiorum
1305 1260 1561 1329 evolutiO,
1597 1282 1692 1332 ge—

64 1349 200 1382 nera
250 1331 483 1400 analoga
519 1329 929 1397 Dematieorum,
980 1331 1315 1383 Mucedinum
1368 1343 1420 1383 et
1469 1336 1692 1402 Sepedo-

63 1402 292 1454 nieorum
328 1401 388 1454 in
418 1401 585 1454 series
618 1401 902 1472 parallelas
937 1399 1224 1472 disponere
1259 1402 1500 1477 juvabit:

187 1531 480 1580 Dematiei,
737 1529 1081 1580 Mucedines,
1270 1534 1616 1586 Sepedoniei‚

93 1622 136 1664 1.
169 1620 428 1668 Sporocyhe.
649 1621 691 1663 1,
724 1618 1011 1667 Aspergillus.
1240 1624 1278 1663 1,
1318 1623 1620 1672 Sepedonium‚

87 1681 132 1720 2.
168 1677 433 1722 Oedemiuim
650 1679 695 1720 2.
728 1676 1066 1727 Stachylidium„
1230 1682 1277 1724 2,
1314 1681 1588 1731 Tuburcinia,

91 1739 137 1782 3,
169 1729 509 1786 Myxotrichu'm.
650 1737 694 1780 3,
729 1735 934 1786 Botrytis.
1233 1740 1279 1784 3,
1312 1738 1560 1786 Collarium,

91 1793 138 1837 4.
169 1791 524 1837 Actinocladium.
650 1794 695 1839 4.
726 1794 1009 1837 Penicillium.
1350 1822 1409 1830 .-.
1452 1823 1511 1831 ..-

89 1853 134 1897 5,
166 1850 520 1901 Helicosporium.
655 1852 699 1897 5.
730 1851 932 1896 DIonilia.
1235 1853 1278 1897 5.
1311 1855 1611 1906 Fusisporium.

91 1914 133 1955 6,
166 1911 612 1962 Helmfflffiosporium,
652 1911 696 1953 6.
729 1910 984 1960 Dactylium,
1233 1912 1280 1955 6,
1312 1915 1594 1966 Epochnium‚

85 1971 132 2014 7.
164 1969 414 2011 Dematium.
657 1968 700 2008 7.
733 1965 1063 2016 Sporotrichum.
1234 1970 1277 2008 7.
1310 1973 1509 2012 Psilonia.

81 2027 125 2067 8.
159 2027 510 2076 Polychrincium.
652 2026 698 2070 8.
731 2026 1085 2072 Trichothecium,
1232 2027 1279 2073 8,
1312 2029 1675 2077 Scolicotrichum.

54 2084 131 2127 “9.
166 2085 497 2134 Cladosporium,
656 2086 701 2138 9,
733 2085 917 2124 Oidium.
1236 2088 1281 2132 9,
1309 2089 1564 2136 Aleurisma.

56 2143 129 2188 10,
161 2142 515 2192 Macrosporium,
623 2144 693 2187 10,
721 2143 992 2185 Bactridium,
1204 2146 1274 2189 10,
1309 2149 1539 2195 Dendrina,

57 2204 130 2247 11,
161 2201 440 2247 Αηὶηἰηίηηι,
620 2204 690 2246 11,
724 2203 1080 2250 Sporendonema.
1202 2206 1274 2247 11.
1306 2205 1600 2256 Sporisorium.

56 2262 130 2306 12,
162 2259 493 2305 3Gliotrichum.
621 2263 694 2305 12,
727 2260 1076 2303 ?Acremonium.
1231 2281 1235 2285 -

193 2371 560 2441 SYNOPSIS
624 2392 918 2444 generum,
987 2393 1017 2426 e
1073 2374 1443 2447 sporidiorum
1497 2378 1681 2433 indole

52 2444 339 2517 praecipue
379 2445 915 2515 distinguendorum:
965 2504 969 2507 ,

52 2573 92 2623 1.
195 2532 670 2624 spossoc‘YssE.
733 2571 989 2642 sporidia
1020 2571 1317 2647 simplicia,
1376 2576 1435 2629 in
1474 2579 1678 2651 eapitu-

190 2641 309 2693 lum
345 2640 634 2693 terminale
682 2644 1022 2712 conglobata.

50 2739 114 2789 ΙΙ.
190 2735 635 2791 OEDEMIUM.
714 2737 972 2811 Sporidia
1005 2741 1151 2794 intra
1189 2763 1408 2815 spol-am
1445 2765 1473 2798 e
1507 2747 1680 2802 latere

194 2809 460 2860 fibrarum
497 2811 938 2878 protuberantem
977 2814 1343 2882 dehiscentem
1385 2818 1617 2875 collecta.

50 2894 141 2945 HI.
182 2892 808 2952 MYXGTRIGHUM.
889 2900 1144 2969 Sporidia
1196 2901 1489 2973 simplicia,
1547 2925 1676 2960 con-

192 2965 509 3036 glomerata,
537 2966 716 3039 primo
754 2971 984 3025 materia
1014 2971 1224 3028 viscosa
1256 2975 1632 3046 conglutinata.
