1887 3255
575 150 884 212 STAGHY
893 148 1196 207 meM.
1598 148 1704 202 391

76 301 372 370 oblongum
406 295 654 370 spicatis‚
689 313 827 367 quae
874 296 1010 348 dena
1059 295 1277 348 circiter
1319 293 1560 367 sporidia
1607 315 1701 366 pe-

78 373 324 428 dicellata
354 370 648 422 continent.
720 372 788 420 In
828 367 1082 420 Caldariis
1119 385 1275 437 supra
1306 370 1514 418 amenta
1564 386 1701 417 mas-

77 448 195 500 cula
224 441 460 510 cupressi
488 439 690 493 detexit
726 438 885 510 Opiz.
934 440 1012 505 (v.
1044 438 1137 507 ic.)

76 532 130 586 2.
223 532 279 579 S.
318 525 537 590 bicolor,
571 521 750 575 floccis
797 519 1071 575 fertilibus
1109 521 1446 592 simplicibus
1485 524 1699 593 griseis,

220 597 286 648 ad
327 595 597 647 ¹articulos
663 592 971 664 superiores
1018 594 1403 647 ‘exserentibus
1462 597 1702 649 ramulos

218 678 503 738 quaternos
547 664 736 716 obesos
785 665 1102 734 sporiferoS.

135 761 300 802 Demat.
328 752 634 795 verticillatum.
707 751 871 803 Hoffm.
920 753 1062 796 Germ.
1095 752 1137 796 2.
1172 760 1204 795 t.
1245 754 1313 796 13.
1373 752 1540 792 omnino
1581 750 1702 804 hujus

186 815 295 869 loci3
338 813 460 852 etiam
512 809 694 859 sporidia
740 811 916 861 (floccos
958 810 1124 849 cinereo
1154 833 1174 842 -
1198 811 1436 859 pruinosus)
1485 820 1700 855 memorat.

186 878 309 914 Pers.
337 873 442 924 Syn.
461 883 511 921 p.
548 867 649 912 694.
683 871 805 923 Myc.
833 871 942 911 Eur.
972 869 1010 907 l.
1048 882 1097 920 p.
1134 870 1206 911 17.
1242 867 1544 918 Stachylidium
1586 869 1703 909 bico-

185 934 267 973 lor.
336 927 448 968 Link
482 927 581 972 Obs.
615 929 657 970 1.
697 941 748 981 p.
786 926 853 970 13.
900 929 1024 978 Spec.
1059 929 1099 971 1,
1133 939 1183 978 p.
1212 926 1283 969 78,
1343 927 1481 966 Nees!
1512 931 1625 981 Syst.
1654 928 1704 978 s.

186 988 262 1032 56.
296 1000 343 1039 p.
376 986 450 1030 47.
507 984 695 1036 Botrytis
727 985 904 1030 bicolor.
940 988 1060 1027 Pers.
1095 986 1213 1039 Myc.
1241 989 1349 1028 Eur.
1387 989 1426 1028 1.
1464 998 1512 1036 p.
1545 987 1620 1028 37.
1667 997 1670 1002 ’

221 1055 379 1107 Licet
432 1053 631 1125 species
689 1052 1122 1120 distinctissima‚
1185 1053 1243 1104 in
1285 1065 1424 1105 statu
1466 1055 1705 1126 perfecto

83 1128 398 1188 observata,
434 1138 493 1177 ut
529 1124 747 1186 habim,
787 1124 862 1176 ita
910 1124 1075 1176 etiam
1123 1124 1430 1176 charactere
1477 1145 1508 1178 a
1547 1146 1705 1198 prae-

82 1201 301 1253 cedente
336 1198 481 1249 haud
526 1196 817 1248 admodum
850 1195 1036 1257 distat,
1070 1215 1264 1267 nempe
1292 1197 1514 1250 ramulis
1546 1218 1706 1269 prae-

82 1273 237 1343 cipue
294 1268 469 1322 obesis
524 1281 574 1319 et
621 1267 794 1339 sporis
838 1267 1039 1339 paucis,
1126 1266 1423 1339 Mycelium
1479 1289 1548 1321 ex
1584 1271 1708 1322 albo

82 1343 324 1414 griseum
351 1339 730 1392 mucedineum
769 1338 1055 1411 praecipue
1078 1338 1137 1390 in
1176 1340 1382 1390 ambitu
1408 1339 1468 1391 in
1509 1342 1707 1393 adultis

85 1412 384 1467 observatis
411 1409 767 1482 conspicitur,
814 1430 972 1482 saepe
1004 1411 1325 1464 obsoletum.
1384 1410 1429 1462 F
1433 1412 1566 1464 locci
1594 1413 1709 1464 ser-

85 1486 208 1538 tiles
244 1485 344 1537 sub
382 1483 626 1534 microsc.
675 1501 805 1533 mox
844 1481 1230 1552 dignoscuntur
1266 1482 1490 1535 ramulis
1521 1483 1707 1536 brevi-

85 1558 214 1616 bus,
272 1552 630 1623 quaternatis,
684 1553 878 1621 quibus
921 1572 1154 1623 superne
1191 1552 1480 1624 praecipue
1528 1555 1708 1610 obsiti.

85 1628 205 1681 Hos
245 1625 481 1677 ramulos
520 1623 775 1695 primitus
820 1623 935 1676 vidi
976 1624 1292 1677 terminatos
1328 1643 1481 1695 spora
1518 1626 1709 1678 solita-

84 1699 171 1753 ria
221 1709 281 1749 ut
332 1696 392 1748 in
430 1694 766 1749 Verticillio!
822 1694 948 1747 dein
1003 1696 1280 1765 pluribus,
1342 1696 1434 1749 sed
1494 1698 1711 1766 generis

85 1789 236 1824 more
281 1767 596 1838 fugacib1183
637 1778 688 1817 et
718 1779 832 1819 tum
870 1767 1113 1838 sporidia
1163 1779 1373 1820 tantum
1419 1767 1480 1821 in
1520 1769 1711 1822 axillis

88 1854 186 1896 etc.
225 1839 451 1912 mycelio
488 1856 674 1910 sparsa
713 1838 903 1891 videre
939 1837 1079 1893 licet.
1148 1838 1519 1909 Reperiuntur
1549 1841 1713 1893 etiam

92 1912 378 1966 individua
407 1921 616 1963 vetusta
652 1908 907 1979 sporidiis
945 1929 1166 1979 prorsus
1205 1911 1407 1964 orbata.
1439 1944 1507 1952 —-
1549 1912 1714 1964 Hoff-

90 1983 282 2037 manni
327 1982 449 2033 icon
474 1979 722 2032 habitum
750 1981 1036 2049 vulgarem
1072 1979 1265 2033 melius
1299 1981 1520 2034 exhibet
1553 2003 1715 2052 quam

92 2055 372 2110 Neesiana.
434 2058 500 2104 In
531 2051 758 2105 canalibus
799 2052 1069 2103 herbarum
1111 2053 1373 2103 mucedine
1412 2055 1716 2118 consumtis,-

91 2145 216 2182 raro
245 2124 482 2176 silvatica
518 2124 573 2174 in
604 2123 912 2192 Symphyt05
946 2123 1144 2192 copiose
1172 2124 1421 2175 hortensis
1444 2125 1517 2177 ad
1545 2127 1714 2193 Rhea,

92 2210 350 2252 autumno,
398 2196 475 2263 (v.
502 2198 585 2264 v.)

213 2285 343 2327 Obs.
402 2284 440 2322 E
483 2284 729 2336 Synonymo
770 2292 882 2323 certe
926 2281 1048 2336 hujus
1086 2284 1167 2324 loci
1205 2285 1605 2340 Spondylocladium
1640 2288 1717 2335 su«

95 2357 251 2386 mosum
280 2344 414 2384 Mart,
446 2343 536 2385 Erl,
570 2356 610 2391 p.
640 2342 712 2388 78,
742 2342 852 2380 Link
879 2343 998 2392 Spec.
1035 2346 1070 2387 1,
1102 2356 1144 2392 p.
1182 2344 1283 2393 79„
1334 2347 1476 2393 nilque
1512 2349 1644 2386 obstat
1671 2346 1717 2384 in

98 2401 376 2451 descriptione
405 2403 457 2439 ab
485 2400 712 2439 individuis
740 2401 914 2449 asparis.
976 2401 1063 2441 Sub
1092 2401 1364 2452 microscopio
1392 2404 1512 2444 flocci
1544 2404 1717 2445 monili-

94 2464 247 2503 formes
276 2459 399 2499 etiam
432 2458 534 2498 mihi
565 2471 811 2509 apparuere.

98 2546 152 2600 3.
245 2546 302 2594 S.
336 2552 600 2607 terrestre,
642 2538 821 2592 floccis
859 2538 1131 2592 fertilibus
1165 2540 1396 2594 ramosis
1430 2543 1589 2603 albis,
1627 2563 1714 2596 su<

244 2630 412 2684 perne
462 2611 836 2664 exserentibus
883 2612 1124 2669 ramulos
1169 2625 1510 2682 quaternatos
1560 2615 1718 2667 obtu-

241 2702 327 2735 sos
364 2683 678 2763 sporiferOS.

159 2785 345 2835 Stachyl.
373 2791 580 2825 terrestre.
652 2781 799 2825 Link!
829 2781 924 2825 obs.
959 2785 997 2821 1.
1028 2799 1070 2838 p.
1095 2784 1167 2823 73.
1185 2783 1232 2834 s,
1260 2783 1331 2825 21.
1363 2785 1486 2834 Spee.
1514 2783 1551 2825 1,
1571 2796 1603 2834 p
1646 2781 1719 2827 78.

223 2844 351 2886 Grev.
389 2844 531 2894 Crypt.
558 2845 671 2884 scot.
710 2850 743 2885 t.
773 2842 873 2884 257.
910 2841 1030 2883 Chev.
1057 2855 1156 2894 par.
1189 2850 1220 2880 t.
1253 2840 1293 2885 4,
1311 2842 1357 2892 f.
1394 2841 1464 2882 14.
1524 2841 1587 2884 St.
1619 2853 1720 2879 can·-

221 2901 382 2942 didum.
420 2901 547 2944 Grev.
591 2898 637 2937 in
674 2903 828 2942 Wern.
866 2901 1082 2940 Transact.
1122 2902 1214 2945 IV.
1255 2913 1300 2952 p.
1339 2900 1410 2939 72.
1442 2904 1476 2940 t.
1519 2899 1562 2943 5.
1591 2899 1642 2950 s.
1673 2901 1722 2944 2.

219 2955 293 3000 Fl.
330 2957 462 3059 Egesn.
501 2971 552 3011 p.
589 2956 694 3004 466.
762 2958 949 3009 Bon-ytis
987 2958 1208 3004 terrestris.
1277 2961 1402 3003 Pers.
1446 2957 1567 3012 ΜΨ,
1612 2960 1722 3001 Eur.

222 3019 264 3063 ¹'
290 3029 340 3068 '⁹'
436 3046 450 3060 ⁶
1287 3067 1312 3116 1
1343 3067 1381 3118 2
