1887 3255
621 142 637 156 ²
663 141 1100 198 EUROTlUM.
1507 198 1512 206 ,
1592 143 1702 194 333

84 294 334 363 tinguere
367 288 548 356 lubet,
596 285 720 340 heic
750 286 932 357 plures
976 285 1140 338 facile
1171 303 1446 356 agnoscas·
1516 286 1708 359 Speci-

84 365 236 420 mina
268 361 493 434 epixyla
531 358 712 412 floccis
746 357 1180 424 obscurioribus,
1215 356 1496 429 peridiolis
1526 362 1708 412 eleva-

85 437 156 490 tis
191 436 382 488 sistunt
417 437 478 487 Ε.
521 432 765 500 epioeylon
805 428 1054 480 Schmidt
1091 441 1140 480 et
1165 428 1351 483 Kunz.
1377 449 1491 483 exs.
1526 449 1580 484 n.
1606 431 1707 485 83!

33 554 36 557 .
86 540 159 551 —-
195 507 428 573 Qualem
489 509 754 556 Mna-orem
804 501 1086 556 lateritium
1153 500 1296 552 Link
1356 499 1513 570 Spec.
1563 505 1613 553 l.
1652 523 1709 573 p.

0 581 52 635 ff*
86 580 174 634 84.
216 576 600 648 (descriptione
632 573 768 624 bene
794 570 1163 642 conspirante)
1198 573 1348 625 misit
1372 578 1456 627 W
1452 573 1710 638 einmann,

86 650 251 723 hujus
294 660 371 700 est
406 647 540 708 loci,
586 644 767 696 floccis
806 642 1236 716 Ianaeformibus
1271 646 1414 697 laxis
1461 644 1522 697 in
1573 664 1713 717 pane

92 721 290 776 obviis.

90 809 143 863 3,
235 809 302 859 Ε.
359 798 739 869 fructigenum,
811 798 1093 870 peridiolis
1162 800 1416 872 ellipticis
1484 802 1717 870 citriniS‚

234 874 414 928 floccis
457 871 639 924 effusis
689 872 1423 925 membranaceo-contextis
1483 894 1512 925 e
1562 887 1728 928 testa-

232 966 325 999 ceo
359 943 796 996 fuscescentibus

147 1035 203 1076 E.
231 1034 520 1085 fructigenum,
589 1035 728 1076 Μηνὶ.
757 1033 858 1078 Erl.
883 1047 929 1085 p.
965 1030 1069 1074 368.
1105 1030 1214 1070 Link
1245 1033 1368 1083 Spec,
1399 1035 1440 1076 1.
1468 1048 1516 1085 p.
1535 1033 1613 1082 80,

234 1103 602 1158 Praecedente
660 1103 827 1155 multo
888 1101 1087 1155 minus.
1175 1100 1363 1152 Flocci
1409 1104 1723 1172 tenerrimi,

97 1188 210 1229 tam
242 1177 403 1228 dense
449 1174 718 1240 contexti,
746 1187 804 1225 ut
835 1173 1041 1243 singuli
1076 1172 1176 1226 vix
1214 1172 1601 1244 conspiciendi,
1633 1196 1724 1228 co-

97 1249 213 1300 lore
247 1248 453 1320 pallide
497 1258 757 1307 tes-taceo,
797 1245 923 1296 dein
950 1245 1010 1296 in
1032 1244 1245 1296 fuscum
1278 1258 1555 1322 vergente.
1614 1247 1724 1300 Pe-

97 1319 293 1372 ridiola
327 1325 360 1385 {-
399 1317 497 1372 lin.
539 1317 641 1369 vix
684 1317 987 1386 attingunt,
1031 1317 1302 1379 conferta,
1350 1317 1562 1380 obtusa,
1606 1321 1724 1391 pal·-

97 1391 210 1442 lide
262 1389 474 1443 citrina.
550 1388 738 1442 Priori
782 1389 953 1440 minus
1003 1388 1192 1440 forsan
1232 1388 1411 1439 affine.
1483 1394 1554 1442 In
1598 1393 1725 1460 fru-

100 1464 264 1516 ctibus
286 1461 514 1530 putridis
547 1459 838 1530 (Fuchsiae
869 1459 1170 1529 coccineae)
1207 1459 1505 1514 rarissime.

99 1548 152 1603 4.
241 1550 307 1600 E.
343 1545 647 1614 Pyrobolus‚
678 1543 858 1596 floccis
896 1542 1284 1615 peridiolisque
1318 1547 1630 1601 tenerrimis
1662 1548 1724 1603 in

247 1618 520 1670 maculam
557 1615 759 1668 fulvo·
783 1615 1151 1683 ferrugineam
1188 1614 1430 1686 stipatis,
1469 1621 1726 1690 sporidiis

241 1687 622 1741 minutissimis
685 1686 782 1739 in'
805 1685 1005 1739 seriem
1054 1686 1312 1738 linearem
1360 1689 1572 1743 elastice
1627 1692 1728 1767 eji-

245 1759 469 1814 ciendis,
813 1804 834 1833 ,
881 1763 890 1771 ”

240 1847 392 1898 Inter
427 1845 624 1914 fungos
664 1843 989 1896 tenerrimos
1023 1841 1126 1896 Vix
1175 1841 1315 1896 alius
1352 1845 1525 1916 magis
1569 1847 1730 1900 mira..

108 1914 233 1968 bilis
258 1928 310 1968 et
342 1915 668 1986 singularis!
746 1915 878 1968 Sine
912 1914 1076 1967 dubio
1097 1915 1373 1985 peculiare
1401 1919 1730 1972 constituere

105 2000 284 2058 posset
327 2007 520 2058 genus,
573 1986 687 2038 nisi
729 1987 865 2039 haec
924 1986 1128 2039 evitare
1172 1987 1400 2040 .vellem.
1477 1989 1731 2044 Plurima

109 2078 317 2128 quoque
356 2079 477 2110 cum
513 2057 734 2111 Eurotio
769 2057 1401 2129 communiffiperidiola
1433 2063 1732 2116 tenerrima

109 2131 342 2199 sporidia
370 2130 664 2198 gelatinosa
698 2130 958 2191 foventia,
997 2130 1129 2181 haec
1175 2129 1362 2182 adfusa
1387 2151 1522 2201 aqua
1561 2136 1730 2187 celer-

106 2202 247 2253 rime
294 2202 613 2257 diffluentia.
708 2201 889 2277 Hujus
940 2221 1072 2255 vero
1123 2202 1364 2272 sporidia
1425 2224 1536 2256 non
1590 2226 1754 2276 vage·

109 2272 398 2339 diffluunt‚
426 2275 516 2326 sed
548 2274 765 2327 elastica
796 2274 856 2328 vi
892 2284 1187 2334 momento,
1235 2275 1390 2343 quasi
1437 2276 1543 2328 ictu
1579 2277 1730 2331 bom-

111 2345 340 2412 bardae,
376 2345 438 2397 in
470 2346 745 2398 linearum
791 2346 989 2398 seriem
1025 2344 1323 2397 fortissime
1359 2350 1731 2417 expelluntur.

110 2413 366 2469 Ceterum
407 2417 538 2469 adeo
583 2418 777 2471 subtile
818 2429 924 2483 est,
975 2430 1036 2468 ut
1072 2416 1235 2468 etiam
1270 2419 1368 2470 sub
1419 2421 1552 2472 forti
1584 2422 1732 2474 lente

108 2489 466 2540 tomentulum
496 2490 685 2543 fuivo·
706 2490 1081 2559 ferrugineum
1116 2501 1325 2541 tantum
1351 2491 1566 2546 releran
1616 2494 1730 2545 Sub

108 2558 265 2612 micr.
310 2561 602 2630 composito
650 2561 1031 2613 discernuntur
1075 2560 1228 2611 flocci
1279 2562 1470 2615 breves
1519 2564 1767 2636 simpli-,f

110 2649 195 2681 ces
239 2630 280 2685 l.
331 2632 840 2685 ramoso-intricati
890 2631 1154 2704 peridiola
1205 2632 1566 2694 minutissima
1615 2635 1734 2721 c‘gi-

109 2712 313 2770 gentes.
386 2703 602 2756 Adfusa
655 2724 792 2774 aqua
838 2703 1205 2775 sporidiorum
1259 2706 1503 2775 explosio
1566 2707 1734 2760 simul

112 2772 449 2828 observatur.
520 2777 612 2828 Ad
645 2778 812 2828 caules
849 2776 1085 2844 putridos
1123 2776 1401 2828 Brassicae
1449 2780 1730 2848 oleraceae‚

111 2843 292 2899 hieme.
337 2844 420 2917 (v,
454 2849 536 2916 V.)

253 2929 355 2983 Est
388 2931 725 3000 Sphaeroboli
756 2931 976 2985 infimus
1015 2926 1366 3006 prodromus‘,
1406 2953 1435 2986 e
1467 2955 1572 3006 quo
1615 2937 1740 3010 pri-·

113 3019 264 3055 mum
305 3003 562 3075 perspexi
592 3004 859 3057 rationem
904 3006 1241 3077 explosionis
1285 3005 1533 3059 elasticae
1571 3008 1733 3081 hujus
