1887 3255
542 158 544 160 ’
577 135 1097 198 LYCOPERDON
1647 139 1720 192 27

236 288 467 344 CHAR.
515 285 805 340 Peridium
851 284 1356 343 membranaceum,
1407 284 1723 339 flaccescens

83 371 177 414 aut
229 380 464 432 superne
519 368 880 423 evanescens,
932 355 1130 410 cortice
1189 354 1385 407 adnato
1444 357 1725 424 subpersi-

84 444 271 495 stente,
304 433 364 486 in
403 449 652 502 squamas
678 431 716 487 l.
744 447 1005 483 verrucas
1034 423 1219 480 varias
1249 426 1495 484 abeunte.
1537 429 1726 500 Capil-

84 503 271 558 litium
298 505 486 567 molle,
516 503 762 573 densum,
803 500 923 553 basi
953 509 1232 570 compacta
1270 497 1448 551 sterili
1484 501 1728 572 peridio-

88 595 192 646 que
218 577 493 628 adnatum.
539 573 798 644 Sporidia
830 574 979 639 laxa,
1016 582 1348 629 coacervata.
1385 574 1729 642 Radiculata,

93 651 286 719 absque
314 647 490 716 stipite
525 645 763 701 discreto.
1614 649 1616 652 ’

233 727 703 786 MORPHOSIS.
740 728 972 782 Nemata
1013 747 1180 800 supra
1219 742 1426 783 terram
1454 729 1515 783 iu
1540 730 1733 783 tuber-

95 805 219 860 cula
259 803 515 877 primitus
549 821 778 855 carnosa
831 802 1040 852 coeunt.
1100 799 1346 854 interior
1379 822 1559 855 massa
1594 802 1735 855 mol·-

94 878 234 937 lior,
275 877 431 942 alba,
458 894 596 927 mox
628 874 860 946 pulposa
888 871 1176 925 subvirens
1196 912 1213 940 ‚
1262 873 1390 925 dein
1425 894 1579 927 more
1612 875 1738 927 affi-

95 948 254 1003 nium
296 947 358 1001 in
411 945 656 1019 sporidia
701 942 990 997 laxissima
1031 945 1244 999 arescit.
1301 945 1590 999 Peridium
1618 946 1738 1019 pri-

99 1021 265 1075 mitus
296 1019 478 1074 minus
520 1018 839 1083 discretum,
898 1034 1061 1084 quam
1110 1015 1172 1068 in
1204 1016 1479 1084 Bovistis3
1537 1019 1740 1072 cortice

82 1091 161 1147 ¹in
193 1092 372 1164 prima
399 1090 549 1143 tribu
579 1108 811 1161 superne
839 1086 1103 1148 discret0‚
1136 1100 1196 1141 ut
1237 1088 1299 1141 in
1346 1091 1519 1145 Mich.
1567 1102 1605 1142 t.
1654 1091 1741 1147 97.

89 1166 152 1237 f
185 1164 250 1231 5,·
295 1173 310 1226 (
329 1163 390 1216 in
419 1162 568 1216 veris
594 1160 839 1214 Bovistis
872 1159 1111 1229 undique
1126 1164 1168 1230 ),
1205 1162 1516 1229 secedente3
1556 1162 1618 1215 in
1664 1163 1745 1214 al·-

103 1248 223 1290 tera
251 1235 492 1304 undique
518 1234 720 1285 adnato
757 1244 809 1284 et
838 1232 1191 1303 persistente3
1227 1233 1288 1285 in
1303 1235 1555 1288 omnibus
1588 1235 1745 1288 vario

104 1309 267 1363 modo
307 1307 623 1376 effigurato,
668 1316 928 1356 contextu
962 1304 1389 1360 subvesiculoso.
1430 1305 1599 1360 Color
1616 1326 1747 1378 par·-

105 1380 248 1433 tium
284 1379 632 1432 internarum
673 1374 881 1447 duplici
921 1375 1146 1440 morbo,
1185 1397 1330 1430 nunc
1368 1378 1551 1432 evadit
1580 1379 1747 1432 vitel-

106 1451 285 1513 linus,
329 1469 476 1502 nunc
507 1447 948 1501 vinoso-fuscus
983 1446 1044 1498 in
1082 1449 1378 1519 plerisque,
1420 1451 1565 1515 licet,
1605 1471 1749 1503 nor-

108 1523 331 1577 maliter
380 1517 924 1571 lutescenti-viridis
983 1518 1118 1587 (cfr.
1160 1525 1289 1590 Lyc.
1331 1523 1600 1575 Bovistam
1638 1524 1751 1581 obs.

109 1594 250 1665 221)
286 1594 373 1660 fit,
413 1602 504 1642 aut
539 1591 687 1643 luteo
726 1600 1009 1660 segregato
1042 1589 1374 1661 fuligineusl
1414 1592 1574 1646 Basis
1606 1593 1752 1647 inte-

110 1665 232 1721 rior
268 1663 502 1724 sterilis,
545 1661 1218 1717 celluloso-vesicularis!
1260 1664 1322 1717 in
1355 1665 1600 1739 sporidia
1637 1687 1753 1720 non

114 1737 370 1803 solvitur,
400 1735 492 1788 sed
529 1734 592 1788 in
620 1733 862 1806 stipitem
880 1734 1204 1805 prolongari
1234 1737 1390 1790 solet.
1427 1737 1496 1791 In
1533 1758 1753 1809 genere,

114 1822 177 1863 ut
215 1808 389 1879 magis
430 1827 595 1880 supra
636 1819 843 1859 terram
885 1818 1070 1869 (mato,
1109 1807 1187 1859 ita
1225 1810 1537 1882 morphosis
1577 1811 1755 1880 magis

115 1881 430 1946 subitanea3
485 1900 588 1933 nec
640 1877 841 1951 species
889 1878 951 1930 in
1001 1894 1314 1950 sequentem
1353 1901 1589 1948 annum,
1645 1883 1759 1936 nisi

118 1954 454 2014 destructae,
501 1950 820 2023 persistunt.
902 1982 973 1992 -—
1080 1952 1160 2004 At
1213 1952 1262 2004 si
1301 1973 1490 2007 recens
1529 1955 1754 2024 fungus,

101 2024 409 2099 'praecipue
441 2024 693 2095 priorum
732 2021 1067 2093 specierum,
1123 2043 1153 2074 a
1183 2025 1300 2077 solo
1346 2045 1444 2078 suo
1496 2023 1760 2080 avellitur

121 2109 174 2150 et
207 2098 327 2149 loco
365 2095 594 2147 humido
629 2106 900 2161 servatur,
934 2113 1049 2146 non
1088 2094 1150 2147 in
1185 2096 1469 2169 pulverem
1499 2099 1758 2166 solvitur,

120 2169 216 2222 sed
253 2166 552 2220 diffluendo
590 2166 867 2238 putrescit.
910 2164 1084 2218 Varia
1115 2167 1182 2218 ad
1212 2169 1536 2240 morphosin
1571 2169 1761 2241 singu-

119 2241 299 2294 larem
338 2238 636 2311 spectantia
675 2237 772 2289 sub
811 2239 1112 2309 Lycoperdo
1144 2241 1358 2292 Bovista
1395 2253 1488 2294 etc.
1525 2243 1761 2295 afferen-

124 2312 193 2364 da
238 2322 364 2364 sunt
399 2310 460 2364 in
516 2316 585 2364 L.
625 2315 823 2362 caelato
867 2310 1194 2381 capillitium
1221 2312 1460 2365 liberum
1499 2326 1550 2365 et
1586 2335 1762 2367 mem-

125 2384 300 2438 brana
330 2384 370 2435 l.
398 2382 626 2455 proprio
658 2382 872 2453 peridio
920 2402 951 2435 a
989 2383 1109 2436 basi
1141 2384 1371 2437 floccosa
1407 2384 1758 2441 distinctum!

274 2466 697 2522 AFFINITAS
745 2469 1049 2541 specierum
1092 2469 1237 2522 inter
1269 2490 1326 2522 se
1369 2483 1517 2523 tanta
1556 2485 1660 2536 est,
1702 2484 1764 2526 ut

129 2543 321 2607 Limne,
353 2543 542 2595 Haller
584 2541 734 2605 (helv.
768 2560 818 2592 n.
853 2541 1014 2607 2172,
1050 2553 1100 2593 et
1134 2542 1242 2594 alia
1274 2543 1633 2613 complectens
1668 2566 1765 2615 ge·
1823 2608 1826 2609 ⁷

107 2613 327 2684 mera),
378 2611 588 2682 Scopuli
626 2611 859 2685 (Lycop.
895 2614 1324 2686 polymorphum
1380 2617 1460 2668 Fl.
1517 2623 1669 2670 Cara.
1706 2618 1762 2672 2.

126 2705 185 2755 p.
231 2685 386 2756 487).
434 2687 656 2746 Bellon,
695 2684 961 2754 Solverby,
1018 2687 1378 2754 Wahlenberg
1402 2686 1601 2757 aliique
1644 2709 1764 2741 om-

133 2776 231 2810 nes
280 2768 340 2807 ut
376 2756 670 2809 varietates
724 2755 1207 2810 consideraverint.
1284 2759 1466 2812 Genus
1518 2761 1764 2813 medium

135 2839 281 2880 tenet
301 2829 482 2879 locum
509 2827 657 2879 inter
689 2829 972 2895 Bovistum,
1006 2840 1173 2881 strato
1206 2830 1426 2882 inferno
1459 2833 1688 2884 floccoso
1718 2833 1763 2888 l.

137 2898 417 2959 cellulari,
461 2918 565 2969 quo
609 2898 973 2973 Lycoperdon
1023 2901 1090 2953 ad
1136 2900 1575 2956 Sclerodermeos
1614 2922 1767 2956 acce-

140 2971 250 3036 dit,
300 2971 641 3036 destitutam,
683 2982 736 3022 et
774 2973 1101 3039 Tulostoma,
1160 2972 1342 3044 stipite
1390 2967 1622 3028 discreto
1679 2975 1766 3027 di-

134 3041 414 3096 stinctum.
457 3106 470 3112 a
495 3039 750 3095 Ceterum
807 3054 886 3096 est
925 3043 1409 3117 Lycoperdeorum
1464 3046 1650 3100 radius
1697 3047 1764 3100 ad
