1887 3255
661 120 858 179 coRY
868 125 913 177 N
917 124 1102 180 EUM.·
1584 116 1688 166 473

485 326 554 376 V.
611 317 1047 373 GORYNEUM.
1115 319 1269 371 Nees.

134 431 244 470 Nees
271 430 382 480 εμπ.
409 437 460 477 p.
492 422 564 468 34.
589 420 810 461 sarmium
843 419 901 463 ib,
939 434 987 472 p.
1028 423 1102 463 23.

221 520 450 576 CHAR.
513 516 763 589 Sporidia
786 515 1114 582 fusisormia‚
1153 515 1541 599 multiseptata‚
1593 535 1687 586 pe-

79 596 273 648 dicello
310 594 530 653 adnata,
580 599 784 652 erecta,
845 588 1006 639 dense
1058 589 1318 658 parallele
1373 609 1432 640 ln
1481 588 1687 640 discum

78 668 271 738 stipata
302 661 657 735 primitusque
696 659 1078 724 conglutinata.
1160 662 1304 711 Color
1338 660 1502 725 niger.

225 736 380 788 Obs.
423 734 472 783 l.
529 729 710 782 Genus
751 730 989 794 Sn‘ctidi,
1038 730 1307 781 mediante
1364 738 1689 801 Cryptomyce

83 809 244 863 Grev.
283 803 454 877 <cujus
492 800 750 852 habemus
787 801 1018 870 speciem
1055 801 1389 852 simillimam
1429 822 1523 873 pro
1562 802 1691 855 Stil-

79 882 293 947 bospora
322 885 474 925 ovata
502 871 746 933 missam,
782 873 873 922 sed
913 871 1158 939 distincte
1200 872 1521 942 ascigeram)
1566 893 1690 944 per-

79 969 241 1020 quam
279 948 435 998 affine
468 956 517 994 et
538 942 713 1013 typice
750 942 863 1016 ejus
891 943 1234 1009 degeneratio
1270 944 1525 1011 sporidiis
1564 946 1691 996 sub-

80 1019 305 1074 clavatis
341 1038 405 1069 ex
445 1015 579 1067 ascis
602 1014 745 1065 haud
781 1014 1007 1066 evolutis
1035 1014 1183 1080 ortis,
1220 1016 1511 1084 eodemque
1530 1017 1689 1068 modo

80 1112 203 1145 cum
232 1110 290 1142 ea
338 1089 628 1141 cohaerens
669 1105 729 1136 ac
770 1086 1083 1153 Stilbospora
1116 1106 1235 1137 cum
1270 1085 1570 1156 SphaeriiS.
1633 1089 1690 1140 A

81 1163 398 1230 Stilbospora
434 1159 660 1225 analoga
694 1157 874 1207 differt
905 1170 963 1207 nt
983 1157 1181 1225 fungus
1217 1159 1496 1227 cupulatus
1534 1176 1562 1208 a
1587 1164 1691 1227 Py-

84 1244 422 1300 renomycele,
480 1248 674 1297 nempe
708 1228 964 1298 sporidiis
1016 1229 1224 1279 adnatis
1263 1229 1452 1281 erectis
1488 1229 1547 1280 in
1581 1229 1692 1282 dis-

85 1325 204 1358 cum
240 1303 442 1375 stipatis
477 1321 576 1352 nec
603 1300 660 1352 in
691 1300 944 1351 nucleum
979 1300 1309 1368 conglobatis
1344 1332 1412 1339 -—
1451 1320 1481 1351 a
1502 1307 1693 1367 Sporu-

83 1376 314 1428 desmieis
352 1372 606 1445 sporidiis
659 1370 806 1421 haud
845 1371 903 1422 in
950 1373 1141 1422 floccos
1200 1372 1454 1423 liberatos
1505 1372 1694 1424 solutis

84 1467 184 1500 nec
232 1446 295 1498 ad
347 1457 494 1514 septa
538 1444 598 1494 in
659 1442 898 1512 sporidia
949 1443 1358 1494 collabentibus.
1438 1446 1596 1513 Septa
1637 1443 1698 1495 in

85 1517 333 1582 Goryneo
366 1533 685 1568 evanescere
717 1513 834 1565 victi
865 1545 932 1552 —
968 1533 1065 1564 nec
1111 1534 1172 1564 ea
1209 1514 1270 1565 in
1305 1513 1528 1566 Seiridio
1574 1514 1698 1586 pin-

80 1589 166 1642 xit
197 1581 359 1640 'Nees

229 1659 278 1711 O
302 1660 392 1709 bs.
432 1657 484 1710 2.
527 1653 826 1709 Seiridium
867 1658 1000 1705 Nees
1039 1653 1138 1705 huc
1175 1652 1351 1706 resero
1385 1676 1412 1707 e
1447 1658 1699 1726 specimi-

83 1732 245 1786 nibus
300 1731 364 1780 ab
418 1726 785 1778 illustrissimo
836 1724 1122 1777 inventore
1178 1725 1376 1780 missis.
1465 1728 1696 1783 Habitus

86 1821 305 1874 prorsus
341 1800 516 1863 idem3
558 1798 730 1849 discos
766 1808 1055 1864 utrumque
1091 1795 1232 1849 sistit
1270 1798 1507 1852 minutos
1553 1813 1698 1853 atros

89 1874 441 1930 Stictidarum
484 1889 635 1921 more
673 1887 770 1938 per
816 1867 1203 1937 epidermidem
1253 1871 1508 1923 arborum
1550 1892 1702 1924 mor-

89 1961 238 1998 tuam
275 1953 631 2012 erumpentes.
691 1938 946 2009 Sporidia
978 1938 1194 1990 Seiridii
1213 1940 1310 1991 sub
1345 1941 1702 2014 microscopio

92 2015 334 2088 Corynei
369 2032 516 2063 mere
554 2023 759 2081 septata
791 2009 1058 2074 vidimus,
1097 2029 1195 2061 nec
1214 2012 1329 2063 ulla
1361 2033 1420 2064 re
1442 2014 1702 2066 differunt

92 2087 202 2141 nisi
239 2084 515 2155 pedicellis
560 2081 899 2133 tenuioribus
938 2093 988 2131 et
1032 2081 1240 2151 apiculo
1283 2083 1554 2136 terminali
1591 2085 1703 2137 fili-

93 2158 261 2212 formi
298 2155 587 2227 pellucido.
621 2184 693 2192 -—
740 2156 810 2204 At
847 2163 1031 2203 exacte
1078 2153 1294 2205 eaedem
1331 2155 1557 2208 redeunt
1599 2157 1706 2208 dif-

91 2228 355 2284 ferentiae
392 2227 446 2278 in
473 2245 670 2295 genere
704 2224 942 2276 maxime
976 2225 1202 2292 analogo
1226 2227 1551 2297 Aregmate3
1590 2229 1705 2280 Sei.

94 2301 284 2356 ridium
320 2298 385 2350 ad
426 2304 703 2366 Goryneum
737 2315 792 2347 se
822 2295 983 2347 habet
1015 2306 1074 2346 ut
1105 2299 1342 2367 Aregma
1384 2318 1546 2351 sensu
1578 2299 1707 2352 stri-

98 2371 257 2426 ctiori
299 2371 364 2421 ad
412 2367 831 2433 Phragmidium
876 2398 944 2406 —
989 2378 1040 2417 et
1082 2367 1215 2419 haec
1257 2370 1509 2440 analogia
1553 2381 1704 2424 tanta

99 2456 205 2502 est,
248 2454 308 2493 ut
345 2439 460 2494 Cel.
496 2437 812 2493 Schweiniz
848 2442 1077 2503 Aregma
1119 2440 1392 2506 speciosum
1434 2461 1535 2512 pro
1588 2440 1710 2495 Sei.-

97 2514 242 2568 ridio
276 2511 537 2563 habuerit.
614 2514 760 2561 Duas
798 2521 1008 2560 tantum
1043 2511 1354 2564 notabimus
1388 2512 1619 2584 species:

98 2603 150 2656 1.
249 2604 301 2651 G.
328 2589 715 2664 *marginatmm
769 2594 1024 2667 sporidiis
1075 2595 1449 2651 fusiformibus
1497 2599 1708 2671 apiculo

237 2668 489 2721 filiformi
523 2667 795 2739 pellucido
833 2665 1164 2730 terminatis,
1200 2670 1473 2740 pedicellis
1506 2672 1712 2724 tenuis-

241 2741 413 2793 simis.
489 2742 656 2793 Nees!
696 2737 910 2809 Syst.f.
953 2737 1037 2792 19.
1083 2738 1404 2796 Seiridium.
1470 2778 1489 2795 ·

244 2822 511 2876 Pedicelli
541 2823 719 2894 longi,
767 2821 1021 2894 gracileS,
1074 2823 1135 2877 in
1168 2838 1370 2878 stroma
1415 2824 1607 2899 juncti,
1653 2832 1711 2880 ut

103 2896 344 2967 sporidia
401 2905 744 2948 concatenata
786 2894 1091 2950 videantur.
1178 2898 1270 2951 Ad
1317 2917 1486 2950 ramos
1546 2904 1719 2952 Rosae

109 2968 340 3020 caninae.
378 2966 459 3036 (v.
497 2966 571 3037 s.)
1624 2971 1635 2974 '⁷
