1887 3255
552 187 555 197 .
600 135 1182 194 SGLERODERMA
1632 142 1705 196 45

74 283 142 335 da
184 284 258 335 „in
307 285 595 356 pulposam
631 280 1177 355 Lycoperdineorum
1241 299 1395 332 more
1463 282 1705 353 delique-

73 375 253 415 scens,
305 357 397 408 sed
432 355 611 408 media
662 367 832 405 aetate
872 353 990 423 plus
1041 351 1223 403 minus
1273 353 1463 415 firma,
1515 356 1704 424 nigre...

72 445 243 493 scens,
282 427 601 496 demumque
634 425 911 494 inpfloccos
942 424 1288 494 spol-idiaque
1321 425 1495 476 soluta
1526 426 1705 479 susce-

71 516 244 550 scenS.
283 494 469 551 Flocci
502 497 602 550 toti
641 496 822 556 soluti,
861 514 959 546 nec
989 507 1048 546 ut
1086 495 1145 546 in
1176 497 1546 565 Lycoperdine‚
1585 498 1705 551 basi

0 601 2 604 >
71 568 132 621 in
164 581 393 624 stratum
416 571 704 622 floccosum
731 567 1112 619 fomentarium
1145 566 1376 620 connati.
1444 565 1705 639 Sporidia

73 642 474 711 conglomerata
511 641 792 693 evidenter
826 658 854 690 a
894 640 1186 690 floccorum
1222 634 1481 691 cellulosa
1519 639 1705 694 indole

72 711 339 784 pendent,
387 732 510 763 cum
543 711 631 763 his
671 712 886 763 demum
923 711 1189 762 relaxata.

211 808 649 864 AFFINITAS.
710 806 1185 862 Sclerodermeum
1222 829 1389 880 genus
1421 811 1487 863 ad
1521 812 1706 886 Lyco-

72 882 301 954 perdeos
339 882 626 934 transiens.
697 878 944 933 Gellulae
998 881 1182 952 plures
1223 894 1273 933 et
1325 884 1499 954 magis
1541 901 1705 955 regu-

73 957 245 1015 lares,
316 973 477 1024 quam
523 970 786 1024 generum
846 952 1216 1021 sequentium,
1273 955 1364 1006 sed
1424 970 1475 1007 et
1518 957 1704 1009 minus

75 1027 358 1092 evolutae,
422 1026 620 1094 absque
662 1024 948 1095 peridiolis
986 1036 1047 1076 ut
1087 1025 1147 1076 in
1185 1042 1382 1096 genere
1429 1040 1705 1096 sequente,

74 1097 264 1150 habitu
289 1097 597 1159 simillimo,
636 1100 738 1150 vix
775 1116 907 1150 Vero
948 1097 1220 1150 corticato.
1283 1096 1575 1166 Singulare
1615 1099 1708 1151 in·-

75 1189 239 1241 super
273 1169 553 1230 Videatur,
608 1169 711 1221 hoc
749 1188 917 1239 genus
956 1169 1102 1221 intra
1141 1183 1432 1240 angustum
1467 1170 1705 1223 limitem

76 1259 261 1293 omnes
283 1240 768 1314 Lycoperdeorum
803 1253 961 1314 typos
1008 1253 1270 1313 repetere.
1346 1247 1431 1295 SC.
1487 1248 1718 1295 Geastev‘

77 1312 343 1376 GeastriS,
377 1319 463 1367 Sc,
500 1313 715 1366 Bovista
745 1312 1033 1378 Bovistae,
1070 1318 1123 1366 S.
1164 1332 1480 1365 verrucosmn
1518 1312 1707 1386 Lyco-

75 1383 232 1456 perdi
261 1399 313 1435 et
346 1391 401 1437 S.
434 1384 842 1454 Lycoperdoides
867 1384 1262 1437 Tulostomatis
1292 1385 1482 1436 habitu
1503 1397 1554 1436 et
1578 1387 1708 1437 cha·-

76 1455 376 1508 racteribus
410 1456 646 1525 gaudent
659 1476 676 1521 ;
718 1455 943 1508 minime
969 1455 1097 1507 inde
1134 1476 1334 1526 genere
1380 1456 1706 1527 distinguas·

220 1563 620 1618 HISTORIA.
677 1562 860 1633 Fungi
894 1557 1156 1637 maiores,
1192 1565 1347 1617 tarde
1387 1583 1707 1638 crescentes,

76 1637 452 1711 persistentes,
507 1655 628 1688 sero
678 1636 896 1687 demum
931 1648 1190 1689 autumno
1217 1639 1438 1706 maturi,
1484 1643 1707 1694 subter-

75 1722 273 1763 restres
313 1721 364 1760 et
404 1707 616 1778 saepius
655 1706 908 1760 arenarii.
952 1736 1022 1748 -—--
1100 1708 1249 1762 Raro
1285 1711 1472 1780 plures
1505 1714 1708 1785 species

76 1782 98 1841 i
176 1782 362 1833 eadem
398 1781 621 1849 regione
673 1780 886 1831 adsunt.
974 1779 1251 1833 Michelius
1299 1783 1524 1855 lynceus
1571 1786 1708 1839 olim

78 1803 489 1917 ‹feterminaviss
517 1850 715 1903 laetior
742 1851 934 1904 fuisset
969 1852 1225 1905 scientiae
1265 1853 1442 1914 facies,
1486 1856 1595 1909 nisi
1617 1858 1711 1910 vi·-

76 1945 203 1977 rum
229 1923 711 1996 incomparabilem
750 1924 996 1976 certatim
1038 1925 1400 1977 deseruissent
1442 1928 1707 1999 perhibiti

79 1997 466 2053 emendatores,
570 1994 726 2049 Novo
783 1996 1034 2055 nomine,
1082 2015 1112 2047 a
1158 1997 1292 2048 duro
1330 1998 1706 2069 integumento

77 2064 344 2139 (σκληρος
383 2079 433 2118 et
471 2065 678 2139 δερμα)
710 2079 915 2133 sumto,
957 2066 1194 2136 restitnit
1233 2073 1489 2137 Persoon,
1515 2084 1567 2123 at
1605 2073 1707 2124 sub

78 2139 180 2191 hoc
222 2138 443 2190 nomine
490 2141 654 2190 etiam
708 2158 931 2207 sequens
975 2138 1240 2190 eximium
1280 2159 1449 2209 genus
1492 2141 1707 2195 Miche-

78 2210 291 2262 lianum
328 2210 569 2279 aliosque
612 2211 808 2280 fungos
822 2247 838 2276 ⁷
884 2210 1058 2280 magis
1097 2211 1432 2279 recedentes,
1467 2216 1709 2286 comple-

80 2281 258 2337 ctitur.
282 2313 354 2321 ——
430 2280 647 2354 Species
686 2283 974 2348 Bocconio,
1027 2283 1267 2352 Doodyo,
1324 2289 1385 2337 V
1380 2284 1615 2338 aillabztio
1655 2299 1708 2339 et:

80 2354 330 2406 Michelio
369 2354 506 2405 bene
559 2353 837 2422 cognitae3
900 2355 1114 2406 saeculo
1149 2354 1503 2418 Linnaeano,
1552 2357 1706 2431 cujus

79 2424 352 2496 splendidi
388 2442 703 2497 progressus
740 2424 1080 2497 Mycologiae
1116 2426 1294 2478 studio
1328 2428 1568 2481 maxime
1607 2450 1710 2483 no·-

83 2509 336 2557 cuerunt,
401 2516 622 2568 prorsus
673 2496 1017 2557 obliteratae,
1077 2497 1230 2548 fuere
1275 2499 1407 2551 adeo
1466 2512 1525 2551 ut
1561 2501 1709 2555 inter

83 2573 215 2636 Lyc.
272 2570 516 2621 Bovz‘stae
568 2569 858 2621 varietates
913 2587 1070 2640 saepe
1122 2583 1504 2622 recenseantur
1556 2573 1706 2644 (cfr.

83 2637 312 2699 HaHer,
353 2639 508 2710 Scop.
540 2642 708 2710 etc.);
764 2640 830 2690 ad
861 2639 1005 2691 hunc
1039 2659 1205 2709 usque
1243 2640 1386 2693 diem
1415 2642 1492 2694 ita
1528 2645 1708 2714 negli-

84 2721 290 2780 genter,
319 2730 350 2761 a
378 2712 649 2764 Bulliardo
686 2711 734 2763 si
760 2710 1100 2777 discressero,
1132 2724 1404 2781 tractatae,
1428 2724 1488 2763 ut
1511 2716 1579 2768 de
1606 2736 1708 2767 ex-

82 2780 366 2833 tricatione
403 2782 497 2834 diu
535 2783 859 2835 dubitarem.
929 2783 1134 2836 Omnes
1163 2782 1526 2853 differentiae,
1568 2787 1706 2856 quae

83 2852 408 2919 laudantur,
447 2873 474 2905 e
496 2855 703 2920 colore,
731 2855 1041 2925 superficie,
1082 2854 1485 2925 magnitudine,
1523 2859 1705 2930 stipite

88 2934 185 2977 etc.
216 2923 277 2978 in
314 2924 564 2997 omnibus
588 2925 793 2989 variae,
829 2937 889 2978 ut
911 2926 1198 2981 universas
1223 2926 1290 2978 ad
1327 2926 1552 2984 eandem
1580 2949 1702 3002 spe-

126 3047 179 3057 ,κ-
