1887 3255
647 207 649 209 Ι
696 121 1059 176 MYLlTTA
1583 123 1691 178 225

69 266 159 322 12,
224 222 774 322 tLLosPoRmM.
867 264 1152 318 Peridium
1202 264 1685 334 subgelatinosum,

209 337 476 393 fatiscens,
540 335 795 408 Sporidia
835 335 1118 407 simplicia,
1149 335 1436 407 pellucida,
1475 339 1687 410 saepius

212 408 480 480 peridiolo
508 406 735 481 hyalino
769 405 959 460 cincta.
1022 407 1245 460 Rubens.

244 478 575 536 CRlTlGA.
635 475 817 530 Series
854 482 1115 545 generum
1150 477 1391 531 maxime
1417 480 1689 549 contigua,

71 547 172 603 vix
195 550 320 619 quid
351 547 760 603 desiderandum
791 547 1118 616 relinquens.
1184 549 1396 602 Genera
1426 554 1690 620 quaedam

70 619 262 673 habitu
299 619 636 689 vegetatione
676 631 727 670 et
761 618 1175 671 fructificatione
1211 619 1272 671 in
1300 633 1442 674 statu
1485 623 1692 694 primi-

71 690 186 744 tivo
223 689 328 744 huc
353 689 706 762 pertinentia,
731 709 925 762 nempe
963 690 1231 759 Mylz'ttam
1257 704 1307 744 et
1339 699 1690 756 Cenococcum,

71 761 224 831 locis,
260 761 451 833 quibus
482 760 642 814 facile
674 772 1022 831 quaeruntur,
1048 760 1272 814 inserui.
1318 766 1693 818 Sclerotiaceae

113 852 172 885 ro
206 845 393 904 quarta
430 833 660 885 sectione
697 832 920 903 insuper
956 831 1148 885 haberi
1182 847 1430 902 possunt,
1478 847 1532 888 at
1575 849 1691 890 tum

70 852 233 978 {ujus
273 904 480 957 ordinis
507 903 784 955 character
804 904 1106 960 mutandus.
1183 909 1516 958 Genococmcm
1546 906 1695 960 Rhi-‘

71 995 340 1046 zogoneas
391 988 443 1027 et
486 974 914 1035 Antennariam,
957 973 1298 1028 Chaetomz‘um
1345 974 1688 1049 Perisporias

71 1058 124 1099 et
153 1046 513 1120 Apiosporias
549 1045 827 1100 evidenter
865 1045 1159 1118 conjungit.
1204 1044 1326 1097 Hoc
1364 1067 1550 1117 genus,
1580 1053 1689 1123 Py·-

69 1118 427 1191 renomycetis
462 1117 668 1184 forma,
705 1116 921 1170 radium
953 1115 1173 1190 proprie
1207 1135 1397 1171 versus
1452 1118 1689 1193 Hypho-

71 1202 308 1263 mycetes
345 1190 957 1259 (Conopleam)‘offert3
1008 1189 1099 1240 sed
1147 1186 1592 1263 Hyphomycetcs
1634 1204 1687 1244 et

73 1258 483 1334 Goniomycetes
527 1260 661 1312 olim
700 1258 1061 1333 conjungendi
1095 1273 1236 1314 sunt.
1278 1291 1347 1305 -ν
1400 1262 1689 1331 Dichospo-

70 1332 205 1384 rium
236 1352 263 1384 e
295 1333 602 1384 charactere
639 1331 819 1402 potius
848 1329 1008 1403 hujus
1045 1330 1253 1383 ordinis
1294 1342 1389 1384 est.
1451 1332 1596 1386 Vide
1627 1333 1690 1386 in

70 1402 263 1455 limine
289 1403 922 1455 Trichodermaceorum.
944 1432 1015 1441 —
1054 1401 1339 1455 Peridium
1366 1403 1426 1455 in
1451 1405 1687 1474 Mylitta,

70 1474 465 1543 Lasiobotvjyde‚
519 1474 774 1543 Erysipke
833 1484 931 1525 etc.
978 1473 1130 1541 quasi
1170 1473 1374 1545 duplex
1386 1495 1402 1540 3
1447 1473 1688 1548 ejusdem

69 1544 186 1596 fere
222 1545 424 1599 indolis
457 1555 535 1597 est
574 1544 884 1598 Peridiolum
932 1543 1241 1596 solitarium
1285 1544 1345 1596 in
1393 1544 1473 1597 Er
1515 1547 1688 1618 siphis

23 1615 25 1617 ’
72 1616 421 1685 quibusdam3
457 1616 690 1686 hoc'pro
718 1633 837 1667 asco
861 1613 1106 1667 solitario
1134 1615 1295 1667 habet
1321 1613 1437 1669 Cel.
1468 1616 1474 1619 ’
1527 1638 1685 1683 unze,

70 1699 125 1738 at
161 1688 228 1739 ob
266 1687 502 1739 formam
542 1698 593 1739 et
619 1686 889 1756 originem
930 1685 1201 1739 diversam
1227 1686 1500 1757 peridium
1544 1689 1687 1741 inte-

68 1758 185 1810 rius
224 1758 428 1824 dicam,
495 1757 750 1810 suadente
788 1756 1073 1829 praecipue
1118 1757 1359 1831 Mylitta.
1428 1757 1687 1831 Sporidia

68 1829 214 1882 intra
255 1829 529 1902 peridium
560 1829 682 1901 plus
711 1828 895 1881 minus
935 1829 1151 1882 evoluta
1179 1840 1231 1881 et
1264 1829 1562 1902 sporidiola
1598 1831 1688 1884 in-

70 1901 337 1954 cludentia
370 1901 429 1953 in
463 1899 882 1952 naturalissimis
924 1900 1247 1969 generibus,
1297 1920 1355 1954 v.
1399 1921 1442 1957 c.
1481 1901 1689 1976 Erysi-

69 1970 192 2044 phe,
254 1971 678 2043 Lasiobotryde,
719 1970 1054 2043 Perisporio,
1093 1970 1429 2042 Illosporio,
1467 1974 1687 2028 variant

69 2063 168 2095 nec
204 2042 394 2095 ceteris
419 2041 672 2112 congruis
705 2061 904 2112 genera
935 2041 1292 2112 distinguunt.
1385 2043 1462 2097 Ut
1488 2045 1685 2113 vario—

70 2135 194 2167 rum
251 2113 571 2166 animalium
611 2112 940 2165 insusiorum
989 2113 1161 2166 foetus
1209 2113 1408 2167 iterum
1458 2115 1688 2169 iterum·
1765 2167 1768 2171 .

71 2205 172 2255 que
218 2185 385 2238 simul
440 2183 670 2254 gravida
730 2184 1015 2246 videntur,
1091 2185 1184 2237 sed
1237 2185 1401 2238 etiam
1455 2187 1689 2239 fructifi-

71 2257 209 2309 catio
236 2256 503 2308 infusoria
535 2255 830 2326 fungorum
857 2275 1014 2326 saepe
1051 2256 1110 2308 in
1137 2256 1330 2309 formis
1362 2257 1562 2329 optime
1590 2278 1690 2310 ex-

70 2327 282 2399 plicatis
315 2328 461 2379 intra
493 2327 732 2399 sporidia
767 2327 1064 2398 sporidiola
1094 2327 1330 2389 secundi,
1365 2328 1534 2382 immo
1578 2343 1690 2382 ter-

71 2399 137 2450 tii
167 2398 391 2459 ordiniS,
428 2397 562 2449 eniti
598 2410 787 2470 potest.
849 2398 1033 2451 Facile
1070 2399 1287 2451 credam
1333 2418 1387 2454 v.
1425 2420 1467 2453 e.
1507 2401 1686 2471 spori-

12 2483 21 2489 ⁵
73 2469 162 2520 dia
200 2467 642 2540 Perisporiorum
665 2469 1029 2540 plurimorum
1063 2468 1123 2522 in
1162 2469 1429 2541 peridiola
1486 2470 1687 2524 iterum
1775 2470 1780 2472 ’

70 2540 325 2611 sporidiis
365 2541 535 2591 {arcta
595 2540 892 2612 Erysiphes
946 2541 1179 2593 abeundi
1217 2553 1535 2612 potestatem
1589 2544 1689 2594 ha-

71 2612 216 2679 bere,
269 2611 395 2663 licet
428 2610 488 2662 in
517 2611 753 2684 simplici
794 2624 934 2663 statu
966 2612 1176 2685 saepius
1217 2612 1537 2684 persistant!

455 2788 459 2789 ν
519 2749 563 2803 Ι.
636 2751 1016 2807 MYLITTA.
1074 2752 1256 2807 FrieS.

130 2841 245 2893 εμπ.
280 2836 382 2883 orb,
417 2838 535 2888 Veg,
567 2841 610 2882 1.
647 2852 697 2891 p.
733 2839 833 2882 154.
1063 2849 1066 2851 ·

211 2905 441 2961 CHAR.
530 2906 816 2962 Peridium
845 2909 1189 2978 induratum,
1231 2921 1387 2963 extus
1426 2929 1688 2965 verruco-

68 3000 176 3034 so-
194 2978 594 3045 furfuraceum,
626 2980 899 3036 internam
938 3000 1173 3036 massam
1216 2995 1547 3106 wippactam
1588 2980 1694 3037 sic*-

151 3068 204 3114 P,
224 3065 305 3110 111.
336 3066 445 3106 Sect.
480 3069 524 3112 1.
