1887 3255
621 112 932 169 TUBERO
940 110 1250 168 ULARIA.
1633 110 1742 162 463

273 257 422 311 Olus,
465 256 513 310 l.
563 254 888 308 Charactere
907 254 1030 305 dato
1057 251 1219 304 facile
1248 249 1610 320 dignoscitur,
1648 251 1740 303 sed

130 340 191 382 ut
234 339 522 398 sequentes
544 327 718 379 tribus
751 324 952 376 eximie
984 324 1284 387 naturales,
1334 321 1410 372 ita
1460 323 1589 373 haec
1629 342 1744 374 ma-

117 401 212 476 ‘gis
270 399 581 453 artificialis.
684 396 1053 449 Tubercularia
1109 406 1160 446 et
1219 393 1477 446 Volutella
1523 393 1743 445 altiores

113 470 465 525 'evolutionis
522 469 713 537 gradus
761 465 1033 517 videntur.
1088 498 1156 506 --
1218 464 1603 535 Complectitur
1655 464 1746 515 hic

137 545 270 596 ordo
330 541 726 612 Coniomycetes
788 537 853 588 ad
908 536 1403 609 Hymenomycetes
1470 536 1744 596 abeuntes,

136 636 245 666 non
290 633 422 667 vero
456 610 541 663 >ad
596 611 819 663 Pileatos
871 608 1287 677 (Thelephorae
1338 620 1514 658 tamen
1563 606 1748 661 variae

136 686 241 746 huc
279 685 435 738 valde
476 683 780 747 accedunt),
828 681 917 731 sed
955 679 1294 749 potissimum
1342 679 1406 729 ad
1460 678 1749 745 Disciferos

138 757 451 827 (Cupulatos
492 765 541 804 et
572 752 978 818 Phacidiaceos)
1017 766 1074 801 ut
1119 751 1331 819 quando
1384 750 1623 814 singulas
1663 768 1749 800 se-

137 830 244 880 ries
287 828 347 879 ad
385 826 599 877 infimos
632 823 809 875 radios
847 823 1095 892 persequi
1149 823 1421 881 volumus,
1476 829 1750 891 Coryneum

139 920 191 953 v.
238 918 276 954 c.
330 895 778 949 Tubercularinis
837 895 1162 962 subjungere
1218 893 1517 942 debeamus.
1603 896 1751 943 Inter

141 969 450 1041 Coryneum
481 981 531 1019 et
561 966 842 1019 Stictidem
880 966 1062 1037 plures
1101 964 1360 1015 habemus
1400 964 1750 1015 formationes

136 1041 487 1094 intermedias
523 1054 572 1090 et
609 1037 866 1102 insignes,
943 1035 1312 1088 Tuom-culam&
1347 1054 1476 1086 vero
1508 1049 1556 1085 et
1595 1055 1751 1106 prae·
1814 1079 1821 1096 ,

138 1113 292 1184 cipue
328 1112 595 1164 Fusarium
627 1110 692 1160 ad
735 1109 1100 1161 Tremellinas
1138 1107 1349 1161 abeunt.
1417 1106 1523 1158 sed
1563 1107 1627 1158 de
1669 1107 1751 1158 his

137 1184 197 1237 in
234 1182 552 1256 Systematis
587 1180 877 1234 revisione.

284 1283 431 1336 obs.
464 1281 514 1332 2.
572 1278 778 1331 Omnes
821 1274 976 1326 facile
1017 1273 1214 1325 horum
1259 1293 1519 1342 generum
1551 1279 1753 1348 species

142 1354 440 1425 descriptae
501 1350 639 1402 mihi
688 1348 931 1417 cognitae
978 1359 1130 1410 sunt,
1188 1346 1276 1397 sed
1328 1366 1592 1400 novarum
1640 1350 1754 1401 for-

141 1446 353 1478 marum
394 1423 545 1492 copia
578 1420 777 1472 limites
813 1419 1177 1482 diversarum,
1233 1417 1456 1483 longum
1490 1419 1546 1469 in
1582 1421 1756 1474 libera

142 1510 330 1549 natura
355 1496 586 1548 studium
610 1490 956 1560 requirentes,
994 1488 1052 1539 in
1089 1488 1359 1558 praesenti
1382 1489 1606 1543 minime
1631 1505 1756 1544 sunt

145 1570 296 1621 clari.
364 1567 765 1636 Perpaucarum
807 1559 938 1611 novi
981 1559 1316 1611 characteres
1363 1573 1559 1613 acute-s.
1633 1563 1756 1615 Ma-

142 1639 224 1691 lui
274 1638 444 1705 igitur
490 1653 682 1707 paucas
733 1632 935 1682 formas
998 1630 1242 1682 indicare
1297 1631 1629 1702 lectoresque
1690 1637 1755 1688 ad

145 1711 333 1764 Linkii
368 1715 513 1777 Spec.
549 1708 721 1759 Plani.
756 1703 1034 1771 ablegare,
1082 1714 1422 1770 ceteramque
1460 1704 1758 1774 Monogra-

147 1782 268 1853 phis
319 1778 708 1833 commendare.
788 1775 928 1825 Puto
974 1773 1222 1842 equidem
1265 1773 1516 1826 scientiae
1551 1797 1636 1828 me
1684 1779 1758 1830 ita

145 1853 337 1905 meiius
369 1851 638 1903 consulere
677 1865 837 1916 quam
870 1845 916 1896 si
947 1864 1198 1914 magnam
1223 1844 1512 1900 dubiarum
1547 1850 1758 1921 copiam

148 1924 527 1977 describerem.

349 2207 393 2258 I.
463 2200 1092 2258 TUBERCULARHA.
1165 2201 1308 2256 Tod.
1345 2205 1552 2258 emend.

208 2335 552 2432 Tuberculariae5
566 2335 687 2384 Spec.
721 2331 826 2377 Tod.
849 2351 907 2362 —
925 2336 1043 2373 Pers.
1095 2333 1391 2372 Tubercularia
1426 2334 1550 2378 Link,
1571 2360 1629 2368 —-
1650 2340 1759 2378 Nem

264 2399 377 2448 Syst.
405 2408 452 2446 p.
497 2396 522 2432 3
557 2421 570 2433 .

293 2488 523 2543 CHAR.
588 2488 840 2560 Sporidia
873 2486 1133 2568 simplicia
1184 2488 1549 2556 (subglohosa)
1588 2493 1760 2559 pellu-

152 2560 298 2629 cida,
355 2580 518 2633 supra
568 2559 967 2633 receptaculum
1019 2572 1268 2610 lunatum
1321 2563 1760 2617 verrucaeforme

263 2789 339 2827 sed
377 2793 541 2835 praeter
588 2786 796 2837 insignem
853 2785 1133 2839 Ciliocurpum
1187 2795 1228 2825 et
1264 2787 1502 2836 ambiguum
1539 2788 1762 2831 Dicaea-um

261 2845 405 2887 omnia
431 2844 532 2883 mihi
558 2853 654 2885 nota
684 2853 792 2886 sunt,
855 2847 918 2884 De
945 2845 1009 2883 his
1046 2845 1233 2884 conferas
1261 2844 1437 2882 indicem
1470 2846 1761 2892 universalem.

219 2928 222 2932 Δ
263 2905 430 2953 Pigebit
469 2903 599 2957 olim,
645 2904 687 2941 ni
738 2901 888 2957 fallor,
952 2903 1272 2942 oculatissimum
1309 2904 1470 2958 virum,
1520 2910 1630 2952 quod
1661 2909 1762 2948 mihi

267 2964 392 3005 etiam
418 2970 457 3000 et
486 2962 694 3010 plerisque
729 2960 973 3012 Mycologis
1001 2961 1179 3011 accidit,
1209 2970 1265 3001 tot
1291 2974 1440 3012 genera
1472 2963 1734 3011 distinxisse.
