1887 3255
796 561 876 631 P.
977 556 1057 633 S.

232 720 538 779 Opusculum
566 715 699 774 qnod
723 710 907 759 indicis
941 713 1052 756 loco
1084 708 1289 769 accipis,
1307 713 1360 760 L.
1387 713 1462 772 B„
1497 726 1610 759 cum
1637 702 1742 758 non

116 806 324 852 nomina
354 806 503 850 modo
538 808 588 848 et
618 814 904 862 synonyma
936 796 1242 858 Systematis
1278 803 1328 843 et
1357 798 1568 844 Elenchi
1599 797 1746 845 exhi-

115 895 252 951 beat‚‘
282 892 372 937 sed
410 897 460 937 et
488 887 657 935 omnia
693 901 820 946 quae
845 891 960 944 post
984 883 1118 930 edita
1145 882 1406 929 volumina
1433 884 1576 931 illius
1605 885 1746 944 prio-

116 993 174 1024 ra
203 975 395 1023 auctori
422 975 771 1032 innotuerunt,
811 972 1005 1029 adjecto
1040 967 1338 1027 saepissime
1382 971 1444 1016 de
1480 974 1633 1017 rebus
1660 971 1744 1043 ip-

116 1062 195 1133 sis
221 1063 329 1120 ejus
361 1061 565 1119 judicio,
595 1061 852 1118 complura
879 1071 1163 1118 synonyma
1193 1054 1480 1114 antiquiora
1508 1057 1563 1102 in
1587 1073 1743 1117 opere

118 1148 324 1206 omissa,
355 1148 745 1204 emendatasque
776 1152 825 1191 et
852 1159 1009 1190 novas
1042 1142 1319 1199 variorum,
1351 1157 1478 1201 quae
1503 1146 1637 1190 male
1665 1144 1745 1190 in·-

116 1240 388 1294 terpretata
415 1233 620 1278 fuerunt
651 1234 736 1278 vel
772 1230 826 1275 in
859 1229 1176 1289 inquirendis
1214 1229 1462 1288 seposita,
1501 1230 1742 1276 determi-

114 1320 363 1372 nationes,
396 1334 498 1364 non
529 1325 633 1364 tam
659 1317 951 1377 simplicem
988 1316 1122 1363 sistit
1165 1315 1387 1362 indicem
1430 1331 1582 1380 quam
1623 1305 1744 1362 uni-

113 1408 367 1452 ver-salem
398 1405 823 1451 nomenclatorem
850 1402 1231 1462 mycologicum.
1285 1405 1457 1448 Habes
1484 1402 1654 1461 itaque
1686 1403 1744 1450 in

116 1494 212 1537 hoc
237 1490 425 1543 Indice,
458 1489 598 1548 cujus
626 1493 781 1535 telam
816 1491 979 1550 ipsam
1005 1490 1198 1537 laboris
1230 1505 1333 1535 non
1360 1484 1632 1536 mediocris
1661 1496 1744 1536 te-

116 1578 230 1625 xuit
267 1577 486 1636 optimus
528 1579 609 1624 Al.
652 1579 776 1640 EdY.
824 1578 1127 1637 Lindblomv,
1184 1557 1408 1622 indicem
1448 1591 1646 1634 quoque
1687 1577 1745 1624 in

116 1664 462 1727 Mycologiam
503 1669 818 1722 Europaeam
864 1668 967 1712 Cel.
1009 1664 1305 1717 Persoonii,
1364 1663 1648 1722 specierum
1687 1664 1744 1710 iu

117 1750 339 1796 Linnaea
385 1752 777 1812 descriptarum,
821 1753 877 1798 in
921 1750 1174 1798 fasciculis
1203 1753 1383 1798 Florae
1415 1753 1745 1802 Germanicae

118 1838 434 1885 Sturmianae
465 1841 856 1886 -recentioribus
917 1837 1284 1884 delineatarum
1343 1845 1435 1885 etc.
1492 1842 1746 1890 rationem

119 1925 371 1969 redditam
410 1934 459 1972 et
484 1931 891 1987 supplementum
912 1924 1211 1984 Systematis
1228 1926 1551 1986 Mycologici„
1607 1933 1744 1990 Quae

120 2024 251 2057 nova
282 2010 412 2058 feret
446 2013 555 2060 dies
583 2019 819 2065 ventura,
855 2013 1081 2065 offeram,
1119 2011 1163 2058 si
1190 2010 1389 2064 licebit,
1417 2011 1472 2056 in
1501 2012 1745 2072 Linnaea,

121 2095 307 2154 quippe
357 2111 485 2155 quae
529 2097 631 2155 jam
683 2099 842 2142 multa
885 2096 1137 2142 contineat
1181 2096 1454 2155 magnique
1495 2104 1746 2151 momenti

120 2183 436 2242 mycologica
468 2189 517 2227 et
547 2183 723 2229 amicis
759 2183 998 2230 scientiae
1037 2183 1355 2241 aptissimum
1387 2189 1630 2242 praebeat
1661 2193 1746 2236 lo-

121 2283 234 2314 cum
264 2267 613 2314 conveniendi.
669 2270 876 2316 Revisio
917 2286 1114 2330 quoque
1154 2269 1483 2329 Systematis‚
1523 2274 1662 2330 cujus
1688 2276 1746 2323 in

120 2357 224 2404 vol.
257 2358 341 2399 III.
371 2354 428 2399 fit
453 2355 664 2415 mentio,
697 2358 948 2416 prolixior
988 2359 1117 2403 facta
1147 2371 1297 2415 quam
1327 2372 1454 2415 quae
1481 2364 1744 2409 commode

124 2440 174 2487 ei
225 2440 424 2487 annecti
468 2448 665 2502 posset,
698 2446 945 2498 necdum,
979 2444 1295 2491 obstantibus
1334 2443 1618 2493 rationibus
1652 2449 1746 2493 do·-

123 2526 367 2579 mesticis,
397 2541 593 2574 summa
610 2544 766 2576 manu
799 2530 1053 2591 imposita,
1082 2531 1173 2578 alii
1197 2533 1308 2578 loco
1338 2545 1395 2577 ac
1423 2532 1641 2592 tempori
1668 2539 1747 2583 est

128 2615 451 2662 reservanda..
