1887 3255
570 28 596 57 ὁ

648 114 1067 211 ΒΟΤΒῨἯΒ.
1569 154 1677 207 403

66 299 326 356 contexti.
398 296 583 353 Flocci
616 296 841 363 fertileS‚
867 297 965 349 sub
987 293 1343 367 microscopio
1365 294 1547 357 erecti,
1590 315 1683 348 su-

66 373 262 440 bulati,
305 371 371 425 ad
403 372 575 423 latera
612 369 919 437 frequenter
947 368 1176 434 ramosi,
1214 365 1382 419 ramis
1409 366 1684 438 suboppo-

65 444 213 511 sitis,
248 445 309 498 in
348 441 649 496 minoribus
680 439 978 492 individuis
1007 439 1343 511 simplicibus
1379 456 1541 508 spora
1576 451 1684 489 ter-

65 516 314 582 minatis3
355 516 415 567 in
451 513 737 588 majoribus
781 510 1010 563 ramosis
1024 549 1040 574 ,
1090 510 1348 582 sporidiis
1392 509 1683 580 adspersis,

67 587 301 640 Exstant
325 587 548 657 insuper
576 584 759 655 plures
794 588 1103 635 staturae'et
1143 581 1341 634 coloris
1373 582 1685 634 varietates.

69 663 162 713 Ad
193 661 361 712 caules
388 659 688 726 plantarum
720 665 1060 726 putrescentes
1090 655 1306 722 copiose.
1339 655 1410 712 (v.
1432 656 1510 720 v.)

68 746 157 801 19.
214 750 282 799 Β.
321 754 523 809 tenera,
560 740 741 793 ssoccis
779 739 1364 807 rubescenti-griseis,
1405 736 1682 790 sterilibus

209 812 552 876 tenerrimis,
611 810 887 863 fertilibus
929 809 1097 863 ramis
1141 811 1306 862 ternis
1348 809 1684 881 simplicibus

206 884 574 949 verticillatis,
613 883 870 956 sporidiis
910 881 1167 951 globosis-

126 972 407 1014 vex-ticinium
431 980 634 1012 tenerum.
696 970 836 1013 Nees!
871 974 983 1024 Syst.
1017 984 1068 1022 p.
1102 969 1176 1011 57.
1208 969 1257 1020 s.
1292 966 1365 1012 55.
1421 966 1530 1007 Link
1565 970 1688 1019 Spa,

189 1034 232 1075 1.
261 1045 309 1084 p.
336 1031 408 1075 75.
463 1029 666 1083 Botrytis.
710 1035 826 1076 Pers,
858 1032 979 1084 Myc.
1004 1032 1115 1071 Eur.
1149 1031 1191 1072 1.
1217 1042 1266 1080 p.
1298 1026 1373 1071 38.

212 1099 423 1152 Parum
454 1119 516 1152 re
547 1099 663 1171 ipsa
714 1117 744 1150 a
777 1098 952 1151 tribus
995 1097 1435 1170 praecedentibus
1487 1096 1689 1148 differt.

68 1169 229 1224 Nudo
278 1173 435 1224 oculo
485 1183 717 1223 stratum
762 1171 1099 1224 farinaceum
1157 1168 1318 1223 sistit.
1389 1168 1479 1222 Ad
1521 1168 1691 1220 caules

69 1254 318 1296 emortuos
348 1245 557 1297 Alceae.
602 1243 678 1309 (v.
716 1245 783 1310 S.)

130 1347 189 1371 =
225 1334 274 1372 V
271 1337 348 1377 ert,
377 1330 605 1384 capitatum
635 1331 779 1371 videas
800 1330 909 1371 inter
939 1331 1056 1371 Botr.
1088 1340 1291 1382 cymosaS.

71 1400 158 1458 20.
215 1406 284 1454 Β.
323 1413 573 1467 crustosa,
608 1401 787 1452 floccis
831 1400 1177 1472 persistenter
1213 1396 1376 1460 albis,
1419 1394 1692 1446 fertilibus

214 1472 581 1542 simplicibus,
621 1472 815 1525 trifidis
858 1470 1322 1540 verticillatisque,
1363 1466 1535 1539 sporis
1576 1467 1694 1536 glo-

217 1543 361 1594 bosis
403 1542 794 1594 terminalibus.

133 1629 293 1670 Mucor
324 1628 569 1672 Dematium,
628 1630 752 1669 Fries
799 1629 898 1673 Obs.
939 1631 980 1668 1.
1022 1643 1069 1682 p.
1107 1628 1211 1672 210.
1256 1628 1446 1681 (Bon-51.
1489 1627 1695 1664 ramulosa

182 1688 293 1726 Link
321 1689 429 1727 hanc
455 1689 670 1737 complecti
698 1689 905 1742 videtur.)

222 1754 468 1808 Stratum
507 1757 648 1808 sistit
679 1754 1290 1820 mucido-farinosum,
1337 1772 1482 1804 nunc
1514 1753 1700 1804 tuber-

78 1825 394 1887 culisorme,
444 1848 590 1880 nunc
654 1829 763 1879 late
802 1830 1058 1889 effusum,
1126 1838 1434 1878 constanter
1496 1826 1698 1877 album.

79 1897 195 1952 Sub
241 1898 490 1951 microsc.
532 1919 702 1970 comp.
761 1900 1063 1951 luculenter
1102 1898 1509 1965 distinguuntur
1551 1896 1702 1947 flocci

81 1969 297 2023 steriles
334 1970 516 2037 densi,
555 1990 583 2022 e
629 1989 860 2040 quorum
896 1970 1251 2044 hyphasmate
1276 1981 1558 2036 emergunt
1589 1968 1701 2019 fer·

81 2040 206 2094 tiles
242 2040 459 2108 breves,
495 2062 638 2094 nunc
668 2042 968 2113 simplices,
1003 2061 1146 2107 nunc
1164 2040 1455 2091 admodum
1486 2040 1702 2114 rffimosi,

82 2113 175 2182 qui
213 2112 560 2183 perfectiores
591 2115 655 2166 ad
691 2127 883 2186 typum
927 2111 1226 2166 Verticillii
1267 2111 1573 2162 luculenter
1616 2129 1704 2162 ac-

84 2183 298 2236 cedunt.
387 2187 588 2256 Sporae
643 2186 999 2258 majusculae,
1071 2183 1313 2236 Mucoris
1370 2182 1703 2253 peridiolum

84 2254 356 2316 referunt,
392 2257 646 2327 primitus
679 2258 859 2310 saltim
889 2257 947 2309 in
989 2256 1231 2328 apicibus
1264 2253 1558 2308 solitariae.
1615 2253 1708 2307 Ad

84 2328 254 2379 caules
284 2337 331 2378 et
365 2328 498 2389 folia
533 2342 776 2385 emortua.
859 2334 1115 2398 Frequens
1148 2328 1203 2380 in
1222 2327 1481 2381 Heracleo
1504 2326 1707 2393 Sphon-

84 2397 250 2468 dylio,
288 2410 543 2453 autumno.
581 2405 656 2469 (v.
693 2406 774 2469 v.)
1378 2417 1380 2419 ’

296 2494 490 2552 Trib.
542 2503 639 2552 VI.
706 2496 1244 2552 CORYMBOSAE.
1308 2496 1702 2549 Flocciramo-

88 2565 322 2631 sissimi,
359 2569 526 2622 ramis
563 2571 852 2622 ramulosis
889 2569 1241 2641 corymbosiS.

210 2657 446 2696 Transeunt
486 2660 536 2696 ad
577 2657 893 2707 Trichothecia3
945 2655 1124 2704 sporidia
1165 2668 1310 2705 magna
1368 2666 1531 2703 quoque
1582 2657 1708 2703 vulgo

92 2723 185 2754 sunt
212 2723 252 2753 et
278 2715 322 2752 in
353 2716 404 2759 Β.
428 2716 666 2768 parasitica
691 2726 807 2765 septo
840 2714 1130 2766 longitudinali
1167 2716 1272 2767 (non
1312 2713 1596 2765 transversali)
1629 2725 1706 2752 no-

89 2777 183 2839 tata·
196 2773 392 2815 vidimus.

89 2856 180 2910 21.
231 2862 298 2909 B.
341 2856 656 2924 parasitica,
708 2854 884 2907 floccis
938 2856 1288 2928 persistenter
1336 2851 1500 2912 albis,
1549 2851 1708 2904 ferti-

229 2927 368 3049 {jium
411 2926 578 2980 ramis
623 2927 938 2994 ramulosiS,
995 2928 1252 3000 sporidiis
1288 2923 1544 2981 maximis
1587 2925 1705 2994 glo-

274 3017 398 3053 osis.
