1887 3255
639 136 1172 195 PHYLLERIUM.
1595 91 1721 193 ⁴253

101 284 506 359 Physiologicaff
529 280 837 336 differentia
867 284 1043 404 ζοείῐα
1079 290 1157 332 est
1191 278 1252 331 in
1286 276 1494 359 cellulis
1523 296 1720 346 paren-

103 357 380 482 chy-matis³
407 374 503 407 nec
538 351 868 428 superficiali
912 373 971 406 us
1007 353 1066 405 in
1103 350 1344 424 pseudo·
1356 349 1567 423 pendia
1589 370 1722 423 pro-

102 442 346 483 nascentl
385 447 477 482 uss

452 708 521 766 G.
577 707 1105 763 PHYLLERIUM.
1181 711 1357 767 Fries,

161 827 309 874 Erinei
337 841 451 880 spec,
479 828 610 869 Auci.
671 823 951 879 Phyllerium.
998 827 1074 868 Fr.
1115 822 1164 870 ll,
1197 839 1259 874 cc,

251 911 480 966 CHAR.
547 909 1026 981 Pseudo-peridia
1068 910 1307 975 elevata,
1354 910 1725 982 floccisormia‚

106 987 255 1058 apice
300 994 572 1036 attenuata
614 981 948 1047 acuminata,
994 981 1055 1033 in
1100 980 1358 1050 caespites
1395 993 1726 1038 tomentosos

103 1059 328 1130 stipata,
354 1052 870 1127 pseudo-sporidiis,
904 1052 1005 1106 vix
1047 1052 1276 1105 evolutis
1322 1052 1513 1108 sar-cta.

247 1127 400 1182 Obs.
435 1130 486 1181 l.
565 1124 716 1177 Haec
761 1124 1138 1176 exanthemata
1193 1135 1302 1176 tam
1356 1125 1656 1178 luculenter
1694 1143 1727 1178 a

104 1200 359 1255 morboso
391 1208 529 1251 statu
564 1196 805 1268 pilorum
841 1197 1151 1267 plantarum
1185 1196 1447 1266 pendent,
1483 1209 1542 1248 ut
1575 1197 1730 1249 limi-

107 1286 186 1324 tes
218 1289 375 1342 saepe
421 1270 648 1320 deficere
692 1267 1000 1321 videantur.
1075 1267 1385 1320 Occurrunt
1433 1288 1626 1340 nempe
1665 1268 1727 1321 in

108 1343 292 1396 axillis
325 1340 590 1394 venarum
631 1359 680 1394 v.
714 1358 758 1393 c.
790 1338 941 1400 Alai,
995 1339 1168 1391 Te'liae
1203 1340 1360 1392 flocci
1404 1340 1730 1408 fascicuIafi,

108 1435 271 1486 quos,
310 1412 420 1465 nisi
459 1412 730 1464 normales
766 1423 964 1476 essent,
1000 1409 1286 1482 Phylleria
1306 1412 1468 1465 facile
1503 1412 1730 1467 diceres,

108 1487 212 1539 Sed
258 1505 382 1537 cum
415 1483 554 1535 aliae
578 1482 780 1553 species
807 1482 884 1534 sic
919 1482 1090 1533 dictae
1127 1501 1315 1553 parum
1354 1502 1384 1536 a
1422 1484 1542 1555 pilis
1580 1503 1732 1536 rece-

110 1558 275 1622 dunt,
324 1554 463 1606 aliae
502 1555 566 1605 ab
615 1553 818 1605 eisdem
853 1553 1171 1622 longissime
1219 1555 1413 1608 distare
1451 1555 1730 1611 videntur.

105 1629 260 1681 Illius
296 1626 543 1695 exempla
579 1625 813 1675 offerunt
850 1625 1016 1694 Phyll.
1066 1625 1188 1685 (ἕνεί,
1230 1627 1394 1691 Rubi,
1451 1627 1731 1694 Juglandis

109 1719 154 1752 e.
179 1719 219 1767 s.
255 1704 306 1768 p.
345 1728 414 1737 --
447 1700 698 1749 Ceterum
721 1696 1046 1748 insectorum
1072 1706 1181 1768 ope
1204 1699 1579 1768 producuntur
1603 1699 1731 1753 Gal-

107 1772 192 1824 lae
229 1767 624 1842 Phylleriaceis
650 1767 990 1829 simillimae,
1049 1768 1226 1837 qualis
1265 1790 1320 1825 v.
1367 1792 1409 1824 c.
1455 1773 1731 1838 Bedeguar

109 1842 406 1901 Rosarum,
447 1858 581 1908 quae
619 1838 745 1890 licet
787 1840 854 1890 ob
895 1838 1058 1891 aliam
1097 1840 1528 1913 physiologicam
1576 1862 1733 1895 caus-

110 1933 228 1965 sam
265 1911 648 1974 excludendae,
689 1912 1010 1962 confirmant
1031 1922 1213 1963 tamen
1254 1914 1547 1980 theoriam,
1586 1914 1735 1967 dire-

113 1985 211 2038 ctis
276 1981 745 2036 observationibus
794 1994 1032 2043 enatam,
1096 1983 1323 2038 illarum
1372 1987 1644 2057 originem
1701 2004 1734 2038 a

111 2056 329 2110 stimulo
384 2054 834 2126 praeternaturali
899 2065 949 2105 et
1001 2073 1282 2109 succorum
1339 2057 1735 2131 constipatione

111 2127 364 2200 pendere.
405 2156 476 2164 —
525 2123 618 2178 Sic
655 2123 779 2176 licet
823 2126 1134 2194 Phyllerium
1173 2129 1274 2182 Get·
1314 2129 1477 2205 hujus
1520 2128 1737 2201 generis

114 2199 352 2252 absolute
400 2197 471 2250 sit
507 2196 757 2264 foliisque
808 2196 1153 2260 immersum,
1202 2199 1315 2273 ejus
1367 2201 1518 2255 flocci
1563 2201 1737 2254 simil-

112 2269 237 2323 limi
275 2280 400 2321 sunt
437 2268 540 2330 eis,
573 2267 666 2337 qui
703 2286 732 2318 e
771 2267 946 2321 Gallis
995 2270 1373 2345 (tuberculosi)
1401 2275 1461 2327 in
1490 2275 1616 2328 ,Geo
1654 2273 1735 2326 ri-

113 2342 224 2396 vali
262 2351 607 2393 enascuntur.
643 2369 714 2378 —-
764 2340 846 2392 Ab
881 2340 1070 2393 Eriueo
1100 2345 1355 2398 recedunt
1376 2348 1478 2399 hac
1517 2346 1736 2399 diversa

116 2413 330 2481 origine
376 2431 404 2464 e
451 2411 655 2476 floccis,
688 2411 785 2463 sed
831 2430 951 2463 cum
998 2413 1101 2484 pili
1147 2415 1459 2485 plantarum
1510 2418 1672 2470 etiam
1708 2435 1738 2468 e

116 2484 429 2535 cellularum
469 2482 949 2535 transformatione
981 2485 1123 2536 enati
1165 2487 1297 2551 sint,
1339 2490 1519 2563 typica
1558 2488 1737 2541 affini-

116 2569 197 2607 tas
230 2554 355 2606 satis
394 2555 582 2608 elucet.
654 2554 884 2615 Genere,
926 2555 1034 2606 alio
1085 2575 1218 2610 vero
1261 2580 1422 2615 sensu
1482 2581 1542 2614 ac
1592 2561 1737 2612 inter

118 2638 436 2678 autonomas
467 2627 704 2695 plantas,
750 2625 852 2676 hac
887 2625 1018 2678 duas
1058 2634 1479 2704 anamorph'oses
1519 2650 1736 2701 separo,

117 2718 238 2749 cum
279 2696 339 2748 in
379 2696 580 2749 eisdem
617 2695 816 2768 plantis
865 2697 962 2748 sub
1007 2699 1206 2752 eisdem
1243 2705 1549 2757 rationibus
1586 2705 1739 2755 lucu-

115 2769 294 2820 lenter
330 2766 577 2820 diversae
611 2769 736 2822 sint.
807 2767 1016 2821 Mirum
1057 2772 1233 2840 potius
1275 2789 1352 2828 est
1394 2795 1481 2828 eas
1524 2774 1738 2845 praeci-

102 2834 221 2911 ¹pue
260 2840 495 2910 plantas,
534 2859 668 2907 quae
702 2838 899 2893 Erinea
938 2843 1245 2912 proferunt,
1301 2848 1464 2899 etiam
1503 2846 1738 2920 Phylle-

118 2912 194 2963 ria
231 2911 664 2979 frequentissime
698 2910 832 2962 eniti
880 2911 1076 2976 (habeo
1120 2916 1641 2989 etiam÷Phffllerium
1676 2916 1738 2968 in

118 2980 334 3054 Populo.
363 2993 491 3050 etc„
523 2981 711 3054 Phyll.
762 2980 948 3037 Tiliae
990 2983 1210 3056 simile).
1278 2986 1391 3043 Sed
1444 2987 1736 3064 Phylleria
