1887 3255
1105 0 1128 13 v

570 129 959 186 SPOROTRI
968 128 1208 185 OHUM.
1595 136 1699 186 421

82 294 215 333 vero
283 274 652 345 copiosissime
706 290 806 341 per
859 271 1041 324 omnia
1094 272 1266 325 stadia
1317 275 1468 342 sequi
1523 275 1698 330 licuit.

84 345 424 418 Caespitulos
462 345 633 417 primo
681 340 818 396 sistit
854 344 1139 405 rotundos,
1198 359 1524 415 compactos,
1586 350 1695 401 tela

81 436 309 470 araneae
358 418 529 469 instar
577 415 859 479 obduct0s3
918 414 1043 466 dein
1084 435 1216 467 vero
1268 417 1394 468 laxe
1443 419 1693 485 effusum,

78 489 336 560 sporidiis
374 488 559 540 effusis
594 485 920 554 inquinans,
970 486 1148 540 floccis
1186 488 1327 540 raris
1367 499 1419 539 et
1460 490 1694 541 tenerri-

77 560 200 612 mis.
275 560 620 629 copiosissime
648 557 721 608 ad
749 556 896 621 ligna
925 557 1082 608 scissa
1108 559 1295 627 pinea,
1349 560 1557 612 humida
1603 579 1693 614 co-

77 643 323 683 acervata
338 671 351 694 ‚
374 631 574 684 hieme.
615 629 692 698 (v.
727 633 808 694 v.)

75 702 164 756 17.
219 708 274 757 S.
308 702 612 760 cmm-inum,
661 709 882 750 erecto·
907 697 1248 765 intricatum,
1284 699 1462 752 floccis
1510 700 1691 753 densis

217 771 546 826 mollissimis
609 768 950 841 simplicibus
1003 771 1368 839 ramosisque,
1435 772 1692 843 sporidiis

216 842 527 914 glomeratis
563 840 802 911 globosis
837 840 1270 898 flavoviridibuS.

132 930 179 977 S,
210 930 456 977 chlorinum.
489 927 636 972 Link!
669 932 793 983 Spec.
815 929 856 971 1.
882 942 933 981 p.
973 929 1042 975 17,
1068 942 1104 974 c.
1139 942 1175 973 s·
1211 982 1214 983 ⁷

218 999 469 1052 Pannum
497 1000 726 1052 effusum
757 998 1238 1051 indeterminatum
1265 1016 1488 1050 amoene
1521 1002 1693 1055 ssavo·-

74 1070 312 1124 viridem
357 1071 523 1130 sistit,
579 1091 679 1123 nec
733 1070 985 1123 hactenus
1030 1069 1148 1123 vidi
1198 1089 1322 1123 vere
1360 1072 1693 1140 caespitoso-

74 1141 407 1197 intricatum.
484 1142 529 1194 F
534 1143 667 1195 locci
691 1142 912 1212 copiosi,
940 1142 1302 1214 persistenteS,
1332 1143 1691 1208 erectiusculi‚

76 1225 136 1265 ut
172 1214 350 1285 potius
390 1215 457 1266 ad
493 1215 719 1267 Aeladia
750 1213 930 1274 Link,
988 1234 1081 1266 seu
1120 1213 1359 1283 priorem
1400 1215 1694 1270 sectionem

75 1286 426 1337 referendum
465 1297 614 1337 esset.
683 1286 774 1338 Ad
795 1284 935 1351 folia
987 1286 1271 1337 exsiccata.
1319 1286 1392 1354 (v.
1434 1291 1511 1355 v.)

74 1369 162 1424 18.
214 1376 271 1423 S.
312 1371 562 1437 griseum,
605 1371 857 1429 effusum,
897 1381 1081 1430 tenue,
1120 1370 1294 1422 floccis
1331 1371 1530 1440 densis,
1568 1392 1694 1444 spo-

216 1442 374 1493 ridiis
419 1441 622 1493 crebris
660 1441 896 1508 globosis
934 1441 1143 1507 griseiS.

132 1529 179 1574 S,
209 1527 406 1578 griseum.
446 1526 556 1565 Link
581 1529 705 1576 Spec.
737 1529 776 1570 1,
798 1540 847 1577 p.
869 1525 913 1572 8,
953 1539 989 1565 c.
1024 1539 1061 1572 s.
1117 1526 1285 1579 (Affine
1314 1528 1463 1570 dicitur
1487 1535 1536 1578 S,
1565 1532 1694 1571 muri.

131 1595 134 1599 ’
189 1599 286 1624 num
312 1588 342 1629 1,
379 1598 417 1629 c.
446 1596 470 1623 e
500 1584 746 1623 definitione
777 1584 858 1622 vix
882 1583 1219 1643 discernendum,
1253 1587 1334 1625 nisi
1349 1590 1443 1629 loco
1466 1591 1693 1645 terrestri.)

220 1653 416 1706 Obiter
450 1653 592 1715 vidi,
642 1653 733 1704 sed
786 1652 1069 1706 historiam
1124 1667 1174 1706 et
1223 1657 1493 1725 originem
1548 1660 1693 1711 haud

72 1737 383 1797 persecutus
416 1744 554 1778 sum.
594 1723 791 1776 -Forte
838 1730 926 1792 Sp.
952 1724 1289 1792 sedeginosum
1331 1728 1487 1781 Pers.
1523 1744 1692 1783 status

72 1796 386 1867 primarius.
474 1797 566 1849 Ad
604 1797 772 1847 caules
811 1802 1111 1864 plantarum
1147 1818 1312 1868 prope
1346 1812 1539 1854 terram
1572 1802 1696 1855 locis

72 1869 306 1923 humidis.

72 1951 161 2017 19.
217 1958 270 2005 S.
306 1953 554 2014 vinosum,
587 1971 913 2023 pannosum,
948 1952 1335 2024 intertextum,
1375 1975 1404 2008 e
1436 1957 1693 2029 sporidiis

218 2023 454 2092 globosis
488 2024 680 2075 vinoso
697 2055 720 2064 -
736 2024 1084 2080 cinei-ascens.

121 2111 357 2150 Dematium
386 2111 594 2161 vinosum,
641 2111 880 2155 Schwe2·n..‘
914 2114 1010 2154 Car.
1042 2125 1087 2156 n.
1123 2110 1255 2159 1344.

219 2182 300 2232 Ad
340 2187 393 2236 S.
433 2182 740 2247 chlorinmn,
782 2182 841 2233 in
873 2194 1014 2234 statu
1053 2202 1247 2253 nempe
1291 2181 1435 2246 viso,
1474 2185 1693 2248 accedit,

73 2250 436 2324 majusculum
477 2264 527 2304 et
562 2253 816 2323 caespites
864 2254 1053 2323 longos
1101 2254 1360 2307 efficiens.
1437 2256 1529 2308 Ad
1563 2256 1693 2323 fun-

70 2343 166 2389 gos
193 2324 427 2391 putridos
465 2325 749 2378 Carolinae.
802 2326 878 2393 (V.
910 2329 979 2391 s.)

74 2396 164 2448 20.
218 2400 269 2448 S.
301 2396 591 2459 salicimmz,
634 2415 963 2467 pannosum,
1019 2396 1403 2459 intertextum,
1454 2417 1481 2450 e
1514 2402 1693 2473 spori·

220 2465 323 2517 diis
361 2467 596 2535 globosis
628 2468 1023 2536 rubiginosum.

131 2553 296 2596 Demat.
321 2553 550 2597 salicinum.
584 2558 708 2600 Pers.-
734 2558 839 2610 Syn,
864 2568 912 2608 p.
944 2556 1046 2599 699.
1083 2557 1146 2596 A.
1176 2559 1221 2601 S.
1243 2570 1296 2609 p.
1325 2555 1429 2599 368.

215 2620 402 2673 Affine
442 2628 496 2676 S.
532 2624 758 2675 chlorino
796 2623 1031 2690 videtur,
1069 2637 1122 2677 at
1164 2625 1402 2685 tenuius,
1442 2626 1695 2682 determi-

74 2703 281 2745 natum.
348 2691 554 2766 Majus‚
593 2715 752 2763 quam
794 2695 1166 2765 Europaeum,
1221 2697 1280 2748 in
1324 2697 1475 2749 foliis
1510 2703 1694 2753 Aceris

75 2764 223 2814 rubri
253 2763 311 2814 in
348 2764 604 2817 America
641 2767 781 2818 vidit
807 2765 1137 2822 Schweiniz.
1167 2793 1169 2795 ·
1200 2769 1292 2820 Ad
1317 2768 1457 2833 solia
1491 2772 1694 2839 dejecta

76 2835 321 2895 εαῖὶείηα,
358 2855 385 2885 e
417 2856 578 2902 grege
616 2843 675 2889 V
671 2839 916 2905 ciricum,
967 2840 1154 2906 hieme,
1190 2840 1373 2890 rarius.
1416 2842 1494 2905 (v.
1532 2850 1612 2913 V.)

221 2906 404 2958 Aliam
437 2907 751 2962 subfulvam
797 2908 1027 2982 speciem
1071 2911 1139 2963 ad
1173 2911 1306 2963 solia
1345 2910 1574 2967 salicina
1611 2917 1693 2968 le-

77 2985 217 3027 ctam
253 2976 404 3030 misit
441 2979 679 3032 Greville.

167 3064 283 3104 Fries
311 3067 424 3119 Syst,
455 3067 581 3118 Myc.
613 3068 695 3111 ΠΙ.
1304 3053 1352 3106 L
