1887 3255
589 85 1108 148 SPORIDESMIU
1117 85 1194 140 Μ.
1592 81 1701 139 493

83 244 298 291 tantum
333 232 624 284 floccorum
663 225 899 285 defectu,
936 236 988 277 et
1035 223 1478 278 evanescentibus
1520 227 1701 279 floccis

88 317 341 360 neutrum
391 320 421 354 a
463 319 560 353 suo
609 296 869 365 distingui
915 308 1104 366 potest.
1185 295 1704 364 Helminthosporium

90 378 310 435 demum
341 369 733 443 est‘perfectior
769 373 810 419 S
844 368 1104 417 oridesmii
1134 365 1389 431 evolutio,
1427 381 1476 418 et
1514 369 1705 420 abhoc

92 467 192 521 per
232 441 646 512 Macrosporium
694 439 758 489 atl
865 439 1326 504 elminthosporium
1367 438 1532 490 series
1573 440 1706 490 adeo

95 517 348 586 contigua
398 512 588 567 deduci
635 522 840 581 potest,
897 521 952 559 ut
994 509 1188 560 limites
1244 528 1272 558 a
1323 522 1513 561 natura
1562 510 1705 560 haud

94 590 294 662 positos
330 605 443 638 esse
481 594 656 636 certus
693 593 924 632 statuam
950 579 1035 647 *fl
1108 579 1177 631 Ut
1218 581 1485 632 Fnsarium
1529 581 1710 634 variat

94 657 490 729 Sporidesmium
536 664 792 704 stromate
837 671 979 702 nunc
1029 650 1293 717 evidenti,
1347 671 1492 703 nunc
1538 654 1710 718 nullo,

100 751 172 784 ex
223 749 285 782 eo
339 745 469 781 vero
515 722 829 791 neutiquam
876 722 935 773 in
998 722 1155 792 plura
1211 741 1408 787 genera
1469 723 1712 795 separari

98 811 338 874 possunt.
439 793 934 867 Helminthosporii
981 792 1141 845 sectio
1193 796 1279 846 lll.
1333 794 1463 846 haec
1515 815 1714 865 genera

102 871 298 949 jungit.

245 942 394 999 Obs.
431 941 482 997 2.
548 936 796 1011 Sporidia
840 935 1001 1008 hujus
1050 937 1265 1007 generis
1327 935 1473 987 idem
1522 935 1718 987 sistunt

104 1034 371 1084 organum¹
419 1033 478 1064 ac
510 1009 870 1083 spotidiorum
919 1021 1104 1060 catena
1141 1009 1199 1060 in
1244 1009 1437 1062 Torula
1493 1003 1719 1074 (Τονιὶῑα
1797 1012 1807 1022 “

100 1086 373 1150 herbarum
411 1083 596 1159 junior
619 1080 975 1154 Sporidesmii
1002 1081 1306 1152 sporidium
1347 1079 1569 1146 refert),
1610 1078 1718 1130 ‹lif-

104 1158 290 1213 ferunt
325 1169 534 1208 tantum
569 1151 825 1225 sporidiis
860 1151 1032 1222 magis
1073 1152 1334 1222 contiguis
1374 1152 1464 1203 vel
1495 1162 1554 1201 ut
1588 1151 1721 1203 Hele·

91 1228 463 1296 'minthosporii
508 1245 538 1278 a
585 1223 941 1291 Cladosporiz's‚
1008 1223 1095 1275 De
1142 1223 1228 1276 his
1257 1222 1557 1275 rationibus
1597 1223 1722 1294 ple-

106 1300 230 1353 nius
271 1298 500 1352 disserui
539 1298 636 1350 sub
674 1294 916 1364 analogis
963 1296 1445 1365 Hyphomycetibus,
1521 1293 1591 1345 Et
1635 1294 1722 1346 in-

108 1371 231 1423 dole
270 1384 320 1422 et
360 1370 646 1441 praecipue
695 1366 1019 1419 evolutionis
1066 1367 1294 1418 historia
1345 1366 1587 1417 maxime
1641 1365 1724 1416 di-

106 1459 298 1496 versae
332 1441 471 1493 mihi
517 1441 774 1492 videntur
800 1438 1116 1505 Stilbospora
1169 1457 1496 1505 macros-pora
1545 1448 1593 1488 et
1631 1458 1727 1490 an-

102 1524 318 1579 gustata
344 1513 450 1564 huc
496 1509 711 1563 relatae.
804 1509 908 1560 Sed
947 1509 1308 1577 Apiosporium
1353 1510 1727 1576 stilbosporium

108 1584 170 1636 in
241 1581 564 1634 characteris
624 1583 866 1632 savorem
927 1581 993 1631 ob
1060 1579 1301 1650 sporidia
1358 1599 1469 1631 non
1524 1595 1730 1651 septata

110 1657 268 1720 (num
305 1666 453 1726 septa
485 1653 710 1705 evanida
746 1664 795 1702 et
829 1651 1015 1721 planta
1061 1650 1273 1720 Sporid.·
1320 1651 1606 1703 maximum
1642 1653 1730 1703 ‘di-

111 1727 371 1797 cendass).
420 1728 497 1776 >In
533 1730 623 1792 Sp.
669 1725 900 1774 celluloso
943 1723 1186 1793 sporidia
1223 1721 1386 1775 etiam
1430 1723 1733 1792 longitudi-

113 1797 312 1850 naliter
363 1795 900 1868 septato-cellulosa‚
947 1808 1005 1846 nt
1046 1794 1106 1845 in
1140 1793 1404 1862 Phragm.
1457 1791 1733 1847 Chainetii

110 1869 200 1920 vel
236 1866 413 1938 potius
465 1867 524 1929 in
573 1864 946 1935 Macrosporio
984 1862 1385 1919 Convallariae.
1431 1897 1502 1906 —
1551 1867 1734 1935 Spari-

113 1938 308 1998 desmia'
341 1950 400 1989 ut
431 1937 634 2008 species
674 1936 942 2007 descripta
977 1949 1130 1990 sunt:

116 2026 169 2080 l.
259 2030 312 2078 S.
343 2024 689 2092 pulvinatum,
722 2035 989 2081 stromate,
1022 2025 1271 2078 evidente
1303 2026 1574 2098 depresso,
1611 2045 1736 2097 spo-

257 2095 417 2148 ridiis
472 2095 692 2148 clavatis
739 2092 1060 2165 simpliciter
1105 2098 1326 2169 septatis
1371 2100 1501 2150 atris
1515 2134 1532 2165 ‚
1583 2098 1737 2170 pedi-

256 2167 394 2219 cello
430 2165 680 2219 distincto
713 2166 997 2239 pellucido,

122 2273 126 2276 ·
150 2246 429 2302 '’Stilbospora
458 2245 692 2302 pulvinata}
744 2250 949 2294 Schwein.
964 2249 991 2294 Ι
1018 2255 1116 2301 Car,
1139 2267 1180 2296 n.
1207 2250 1306 2302 511,
1331 2255 1391 2295 ad
1413 2270 1525 2308 spec.
1548 2258 1602 2298 ab
1625 2259 1737 2313 ipso.

260 2320 786 2392 Helminthosporium
824 2321 998 2375 Titiae
1035 2323 1214 2387 refert,
1253 2319 1348 2378 sed
1369 2328 1540 2381 nullis
1560 2329 1734 2392 fibris,

116 2407 328 2450 tantum
361 2396 616 2467 sporidiis
645 2392 836 2447 liberis
876 2393 1114 2465 undique
1168 2397 1572 2469 divergentibus
1621 2402 1738 2456 exi-

179 2594 223 2650 *J
250 2595 411 2635 Eodem
438 2595 564 2633 modo
607 2589 925 2644 Cladospon'um
964 2591 1073 2632 serie
1114 2589 1305 2652 contigua
1338 2595 1423 2635 abit
1460 2596 1504 2635 in
1539 2597 1740 2640 Tor-ulam
1769 2633 1773 2636 .

240 2665 282 2697 e,
313 2664 348 2692 s.
377 2664 424 2699 p.
484 2652 556 2689 Ex
595 2650 660 2689 his
700 2651 797 2689 satis
826 2658 937 2699 patet
974 2651 1248 2692 differentiam
1288 2654 1657 2706 Hyphomycemm
1699 2667 1741 2697 et

242 2708 584 2759 Coniomycetum
613 2710 724 2747 haud
753 2711 981 2747 naturalem
1011 2718 1101 2750 esse
1132 2720 1175 2750 et
1197 2711 1341 2750 veniet
1370 2724 1470 2751 sane
1495 2714 1610 2765 dies,
1635 2728 1743 2764 quae

242 2766 738 2820 progressumsciemiae
764 2767 806 2820 in
838 2767 957 2806 novis
978 2768 1200 2817 generibus
1225 2780 1310 2808 non
1338 2781 1541 2818 quaerens
1562 2774 1744 2821 plurima

243 2829 415 2866 reducet
465 2836 619 2875 genera
669 2825 713 2862 in
756 2824 931 2863 diversis
972 2827 1185 2871 ordinibus
1234 2839 1344 2866 nunc
1391 2832 1604 2876 collocata,
1667 2833 1744 2884 (Ut

182 2932 187 2938 .
243 2881 672 2934 Helminthosporium
692 2885 745 2922 ed
775 2882 1099 2936 Sporidesmimn
1114 2916 1129 2943 9
1163 2887 1220 2926 ita
1254 2885 1500 2940 Dactylium
1537 2900 1584 2930 se
1620 2892 1745 2931 hahet

178 2992 184 3002 ,
249 2945 301 2982 ad
331 2940 602 2994 Fam-ium.)
1409 2955 1419 2964 “
