1887 3255
589 113 1005 170 GHAETOMI
1014 114 1121 170 ΠΜ
1572 114 1681 170 253

55 267 149 303 dam
177 258 427 314 epiphynas,
455 273 501 306 v.
532 274 571 306 c.
603 261 709 313 Sph.
743 257 1015 314 Aegopodii,
1050 269 1180 309 prope
1202 259 1416 300 accedunt.
1473 262 1678 301 Differ-um

55 333 157 361 vero
188 331 328 360 omnes
358 324 410 359 ad
438 322 547 359 hunc
568 320 756 360 ordinem
776 322 932 359 relatae
949 333 973 358 a
990 316 1074 356 suis
1102 316 1320 366 generibus
1347 321 1530 368 analogis
1553 334 1678 359 asco-

55 393 148 419 rum
176 379 339 416 defectu
368 378 621 428 peridiisque
649 377 978 425 superficialibus
1005 374 1286 422 liberatisque.
1358 378 1537 414 Tantum
1570 378 1676 414 inwr

57 449 103 477 se
137 436 306 484 insuper
332 439 530 475 recedunt
563 434 815 486 Perisporia,
860 443 905 472 ut
936 433 1057 472 facile
1082 432 1435 473 subministrarent
1454 438 1570 483 plura
1600 447 1676 484 ge—

59 507 185 551 net-³3
218 507 310 532 cum
335 506 437 534 vero
473 492 654 542 analysis
679 492 723 529 in
748 492 964 529 subtilibus
994 492 1097 529 adeo
1123 489 1362 530 difficillima
1381 493 1495 532 nolui
1522 493 1678 531 exinde

61 553 344 605 distinguere,
377 564 473 591 cum
509 553 626 589 nullo
666 549 808 588 habitu
838 549 1002 588 diverso
1033 548 1202 586 limitari
1232 550 1405 597 passim.

349 647 508 703 VIII.
570 624 1121 702 cnfflfffflffit.
1177 646 1363 702 Kunz.

117 738 265 780 Krmz.
296 737 414 790 Myc.
442 735 566 785 Hejt.
610 735 650 772 1.
689 745 739 784 p.
776 731 845 776 15.
942 735 1057 787 Syst.
1106 733 1205 774 Orb.
1258 737 1372 788 Veg,
1415 737 1458 778 1.
1483 749 1534 788 p.
1577 733 1676 774 156.

167 795 402 843 Conopleae
430 801 510 834 etc.
542 803 656 841 spec.
689 795 809 836 Pers.
1627 812 1632 817 .

240 847 468 901 CHAR.
528 847 815 899 Peridium
855 846 1352 906 membranaceum,
1385 845 1511 917 pilis
1550 864 1681 916 opa-

62 919 137 972 cis
170 922 460 985 vestitum,
516 918 733 970 demum
784 917 963 970 medio
1001 937 1115 970 sese
1153 917 1417 988 aperiens.
1487 916 1679 988 Spori-

61 990 151 1042 dia
176 990 462 1061 simplicia,
501 989 802 1060 pellucida,
841 1008 1048 1043 massae
1087 989 1418 1057 gelatinosae
1455 988 1680 1040 immix-

60 1073 132 1114 ta.
171 1093 245 1114 ,-
267 1059 660 1129 Supersicialim
701 1061 927 1127 adnata,
958 1059 1295 1127 vig-ricantia.

201 1131 682 1187 VEGETATIO.
759 1131 875 1184 Pili
919 1132 1191 1204 peridium
1247 1131 1535 1184 vestientes
1591 1148 1678 1181 re-

65 1224 192 1256 vera
230 1205 383 1256 thalli
411 1204 602 1274 species
636 1204 790 1256 sunt!
829 1215 888 1254 ut
926 1203 1087 1255 etiam
1129 1203 1310 1274 pulvis
1350 1203 1410 1254 in
1453 1221 1680 1270 sequen-

62 1276 206 1328 tibus
220 1314 236 1342 ,
279 1275 520 1347 sporitlia
541 1313 555 1336 ,
610 1294 744 1343 quae
797 1274 1011 1341 dicunt,
1075 1273 1386 1342 Exosporz'i,
1437 1271 1684 1340 Epicoccz'

65 1360 159 1401 etc.
198 1378 269 1386 -—
320 1347 558 1415 Utraque
597 1346 758 1397 thalli
804 1346 1004 1417 species
1040 1345 1184 1398 inter
1220 1345 1680 1418 Pyrenomycetes

62 1419 266 1490 passim
300 1417 533 1470 occurrit
586 1430 635 1470 et
676 1417 834 1470 brevi
872 1437 1027 1488 spero
1064 1437 1151 1469 me
1198 1417 1396 1468 horum
1436 1414 1679 1467 omnium

62 1489 382 1561 morphosin
429 1508 593 1558 aeque
632 1489 790 1558 plene
828 1489 1226 1559 expositurum,
1272 1507 1332 1539 ac
1373 1505 1535 1557 supra
1574 1485 1683 1538 Ga-

65 1573 496 1633 steromycetum.
519 1593 588 1599 ——
608 1558 717 1611 Hic
743 1559 940 1611 thallus
967 1559 1280 1611 simillimus
1318 1571 1395 1610 est
1422 1559 1482 1610 in
1507 1555 1683 1610 Chae-

65 1631 231 1693 tomio
285 1643 336 1682 et
387 1629 816 1689 Vermicularia,
867 1629 1036 1682 immo
1074 1628 1377 1701 Conoplea,
1416 1629 1544 1680 licet·
1578 1628 1683 1678 hoc

64 1722 251 1773 genus,
280 1714 410 1775 typo
458 1703 507 1754 C.
549 1702 805 1770 hispidula
840 1700 994 1755 PerS.
1041 1733 1108 1740 —
1157 1704 1317 1754 δεῖεν.
1371 1707 1516 1754 Suec.
1567 1718 1681 1749 am.

65 1793 118 1827 n.
165 1772 300 1839 380,
352 1771 607 1844 sporidiis
658 1791 849 1825 revera
903 1772 1064 1824 nudis
1116 1773 1277 1824 facile
1314 1772 1680 1842 dignoscatur.

66 1844 409 1913 Quamquam
449 1864 658 1913 quoque
704 1842 1016 1896 Chaetomia
1055 1844 1278 1913 peridiis
1324 1840 1684 1915 superficiali-

65 1915 198 1981 bus,
236 1915 695 1980 membranaceis,
736 1914 991 1985 spcridiis
1031 1915 1367 1986 simplicibus
1413 1926 1511 1968 etc.
1550 1930 1685 1965 mox

66 1987 317 2039 recedere
345 1986 602 2039 videntur
629 2005 658 2036 a
693 1991 753 2038 V
749 1987 1070 2038 ermicularz'a
1099 1987 1338 2039 Dematio
1377 1984 1541 2057 (Sph.
1565 1984 1683 2036 De-

66 2069 193 2110 mat.
238 2056 323 2124 P.)
366 2056 740 2125 similibusque
783 2057 848 2107 ad
887 2057 1337 2130 Actinothyrium
1379 2058 1496 2109 fere
1534 2074 1684 2108 acce-

69 2127 349 2194 dentibus,
396 2140 609 2180 exstant
653 2141 833 2179 tamen
868 2129 1068 2200 species
1104 2129 1181 2180 ita
1218 2129 1458 2193 mediae,
1494 2138 1554 2179 ut
1596 2126 1685 2179 in·-

66 2210 150 2250 ter
173 2211 461 2268 utrumque
491 2219 659 2268 genus
688 2199 981 2268 ambigant.
1028 2199 1120 2255 Sic
1146 2202 1269 2270 Sph.
1300 2212 1502 2253 comata
1535 2197 1681 2251 Tod.

68 2268 217 2341 (Cfr.
250 2268 398 2344 Syst.
434 2270 580 2344 Myc.
611 2271 665 2324 2.
706 2292 754 2342 p.
804 2270 950 2343 504.)
988 2271 1127 2325 mihi
1175 2272 1353 2343 potius
1396 2271 1466 2325 sit
1522 2271 1686 2325 Chae-

66 2341 273 2394 tomium
317 2353 568 2395 comatum
610 2342 676 2394 ob
724 2341 934 2414 peridia
990 2344 1305 2396 tenuissima
1341 2343 1687 2396 membrana-

68 2432 160 2464 cea
196 2413 573 2484 superficialia,
597 2432 758 2482 quam
780 2419 841 2466 V
835 2415 1176 2479 ermicularia,
1209 2428 1269 2467 ut
1301 2416 1528 2468 suadent
1561 2431 1686 2484 spo-

67 2483 211 2535 ridia
241 2484 570 2546 fusiformia,
603 2497 806 2555 septata
835 2497 885 2536 et
917 2487 1226 2539 dehiscendi
1256 2488 1463 2540 modus.
1533 2484 1688 2552 Quo-

68 2555 134 2628 ad
174 2555 570 2623 vegetationem
603 2554 952 2623 Chaetomia,
1004 2559 1178 2627 quoad
1217 2557 1689 2611 fructificationem

66 2624 501 2678 Vermiculariae
538 2627 733 2679 melius
789 2629 1050 2684 evolutae.
1101 2659 1164 2670 -
1237 2630 1417 2684 Genus
1478 2628 1688 2697 Typho-

66 2696 206 2748 dz'um
237 2695 392 2748 Link
419 2696 712 2769 (Sphaeria
749 2700 978 2771 typhina
1006 2700 1159 2755 Pers.
1178 2707 1200 2772 )
1219 2740 1234 2764 ,
1273 2722 1395 2754 cum
1428 2700 1690 2769 Exospo-

62 2767 152 2820 'rio
190 2767 308 2822 sive
344 2767 750 2821 Vermicularia
785 2784 1182 2843 comparatum,
1225 2773 1364 2826 mihi
1413 2774 1575 2842 longe
1606 2769 1689 2820 di-

65 2857 304 2899 versum,
344 2857 466 2891 cum
494 2839 596 2964 {illi
619 2840 780 2913 hujus
813 2841 870 2893 in
894 2844 1120 2897 vetustis
1149 2843 1531 2916 superficiales,
1566 2860 1690 2913 spo-

65 2909 211 2962 ridia
238 2909 389 2973 dicti,
420 2909 498 2963 mi
544 2910 557 2922 ⁹
581 2911 693 2964 sint
721 2911 831 2964 asci
859 2928 1198 2988 erumpentes
1219 2915 1530 2983 filiformeS,
1557 2921 1690 2984 qua-

62 2980 142 3034 les
175 2979 237 3034 in
265 2979 550 3055 Sphaeriis
587 2981 895 3057 Hypocreis
927 2987 1235 3042 sollemnes·
