1887 3255
146 119 256 174 450
743 116 1123 174 PSILONIA.

561 316 681 369 VH.
751 311 1129 372 PSILONLA.
1191 314 1367 371 FrieS.

207 436 321 491 Syst.
355 429 461 477 orb.
499 431 618 481 γεέν,
645 431 690 473 1.
714 441 763 481 p.
796 427 896 475 187.
923 427 1085 474 emend.

293 513 526 570 CHAR.
598 511 783 564 Flocci
839 512 1105 582 contigui,
1159 523 1579 585 transparentes‚
1639 538 1764 589 per-

148 590 423 648 sistentes,
466 586 527 637 in
562 583 918 653 caespitulum
946 584 1549 657 erumpentemjuncti,
1586 590 1762 661 primo

147 668 534 729 convergentes
572 666 624 707 et
661 655 969 724 obtegentes
1008 654 1245 726 sporidia
1295 657 1592 730 simplicia,
1637 663 1762 734 pel-

145 732 353 792 lucida,
393 729 598 794 libera,
633 745 661 778 e
686 726 910 778 matrice
942 741 1111 780 enata.
1753 730 1755 733 '

289 813 411 866 Hoc
449 823 500 863 et
535 810 823 878 Fusisporz'i
861 829 1030 880 genus
1061 811 1208 864 ‘olim
1256 833 1284 865 e
1327 816 1582 886 sporidiis
1630 818 1758 870 sub-

145 884 382 958 globosis
414 894 466 935 et
495 881 873 934 fusiformihus
909 882 1155 943 distinxi,
1195 886 1286 936 sed
1319 885 1379 937 in
1400 899 1627 958 utroque
1664 910 1759 959 ge-

142 977 275 1011 nere
311 956 438 1008 dein
470 953 589 1007 vidi
629 952 997 1023 sporidiorum
1035 954 1272 1006 formam
1321 977 1348 1008 e
1384 960 1613 1012 conidiis
1661 981 1760 1031 per

142 1030 421 1100 globosam
453 1025 514 1078 in
549 1026 757 1079 ovalem
806 1036 856 1075 et
891 1023 1235 1077 fusiformem
1270 1024 1439 1084 abire.
1512 1031 1602 1084 Sic
1639 1033 1757 1085 Psi.

142 1101 285 1154 Ionia
325 1097 480 1153 Buxi
512 1108 592 1149 est
632 1108 797 1150 status
833 1095 1208 1167 primordialis
1259 1098 1544 1168 Fusisporii
1583 1105 1754 1156 Buxi-

139 1177 185 1227 E
215 1181 497 1245 praesente
544 1168 805 1222 Psiloniae
849 1166 1175 1220 limitatione
1218 1172 1594 1242 complectitur
1634 1183 1755 1226 tan-

140 1257 257 1297 tum
286 1240 487 1315 species
509 1239 803 1310 caespitoso
825 1275 850 1282 -
874 1253 1232 1310 erumpentes,
1277 1243 1456 1297 floccis
1487 1244 1754 1315 contiguis

138 1315 314 1369 firmis
353 1311 766 1385 persistentibus
797 1308 975 1380 primo
1021 1312 1238 1364 intortis
1258 1316 1753 1387 ‘convergentibus-

139 1406 271 1458 que,
309 1383 589 1456 sporidiis'
618 1401 645 1434 e
679 1380 905 1434 matrice
952 1383 1148 1446 enatis,
1194 1384 1554 1457 simplicibus,
1606 1408 1754 1440 num-

137 1478 289 1529 quam
314 1453 695 1522 conglutinatis.
779 1451 923 1505 Tam
949 1454 1129 1507 floccis
1167 1475 1326 1524 quam
1372 1459 1623 1530 sporidiis
1654 1460 1755 1513 hoc

137 1531 299 1583 modo
331 1547 361 1579 a
397 1525 714 1597 Fusisporio
742 1523 1045 1578 luculenter
1083 1526 1287 1594 differt,
1324 1529 1446 1582 licet
1485 1531 1754 1604 sporidio-

137 1622 263 1655 rum
307 1598 483 1651 forma
527 1597 588 1649 in
635 1596 863 1665 utroque
905 1615 1103 1665 genere
1157 1599 1346 1652 veriet.
1421 1601 1547 1654 Huc
1582 1604 1752 1673 perti-

136 1685 268 1726 nent
299 1669 604 1740 Conopleae
635 1686 772 1738 spec.
810 1674 977 1734 Pers„
1010 1666 1321 1740 Menispora
1377 1678 1503 1726 Pers
1532 1717 1543 1740 ‚
1579 1675 1753 1727 Circi-

134 1741 440 1796 notrichum
467 1745 612 1806 Νεεε,
647 1738 740 1790 sed
762 1738 895 1790 haec
913 1740 1135 1791 nomina
1166 1741 1345 1793 latiori
1365 1757 1574 1797 nostrae
1594 1745 1747 1797 ideae

133 1814 279 1867 haud
315 1810 673 1876 conveniunt,
713 1821 772 1860 ut
807 1829 876 1860 ex
903 1810 1064 1861 unica
1099 1812 1272 1882 specie
1314 1827 1538 1871 sumtae.

136 1919 188 1970 1,
281 1919 343 1966 P.
382 1910 553 1971 nivea,
589 1907 910 1978 caespitibus
949 1910 1234 1979 compactis
1272 1912 1445 1966 laneis
1489 1915 1747 1984 candidiS‚

278 1981 460 2036 floccis
497 1979 727 2032 ramosis
763 1978 962 2031 intorto
986 1980 1317 2037 -intricatiS.

276 2080 548 2151 Caespites
593 2090 968 2149 erumpentes,
999 2081 1242 2142 retundi,
1296 2084 1454 2136 l——2
1490 2083 1587 2140 lin.
1626 2086 1744 2151 lati,

133 2157 337 2210 lineam
377 2151 497 2212 alti,
555 2149 841 2220 compacti,
891 2150 1014 2202 licet
1058 2152 1209 2203 flocci
1259 2155 1479 2207 omnino
1528 2157 1745 2209 discreti

135 2229 271 2292 sint,
337 2222 625 2276 rotundato
650 2221 1053 2289 -irrcgulares,
1127 2226 1465 2278 confluentes.
1561 2227 1743 2278 Floeci

135 2294 495 2356 crassiusculi‚
533 2312 644 2345 non
675 2292 946 2363 pellucidi,
982 2294 1074 2345 sed
1099 2304 1498 2366 transparentes
1517 2310 1744 2365 tantum,

132 2369 303 2424 ramis
342 2364 646 2438 patentibus
685 2364 966 2426 instructi,
996 2364 1258 2432 contigui,
1309 2367 1501 2418 intorti
1547 2381 1597 2419 et
1630 2368 1744 2420 im—

131 2438 310 2515 plexi,
367 2436 516 2508 apice
572 2435 846 2490 attenuati.
934 2435 1187 2505 Sporidia
1241 2437 1439 2508 (potius
1492 2440 1739 2509 Gonidia)

130 2512 370 2569 minuta,
400 2508 644 2573 globosa,
680 2507 832 2558 tarde
863 2505 1317 2579 diffluentiazsed
1363 2509 1591 2562 subinde
1633 2511 1743 2563 im-

131 2583 307 2636 mixta
332 2578 449 2635 vidi
480 2577 722 2649 sporidia
750 2577 1078 2650 cylindrica‚
1115 2597 1306 2646 curva,
1343 2591 1399 2630 ut
1445 2580 1510 2632 ad
1551 2580 1740 2633 Meni-

131 2672 320 2725 sporas
377 2650 689 2722 pertineret.
770 2653 823 2702 E
879 2650 1025 2701 rimis
1082 2651 1287 2703 corticis
1332 2652 1472 2718 Fagi
1522 2654 1739 2721 erumpit

130 2728 307 2779 hieme.
352 2725 427 2792 (v,
460 2722 540 2792 v.)

128 2824 184 2879 2,
275 2827 338 2875 Ρ.
378 2825 599 2886 glauca,
622 2819 941 2890 caespitibus
964 2819 1144 2871 effusis
1166 2819 1335 2871 laneis
1358 2820 1575 2889 griseo-
1584 2821 1738 2890 glau-

271 2891 373 2949 cis,
409 2891 588 2944 floccis
631 2890 860 2944 ramosis
897 2889 1222 2956 intertextis,
1271 2891 1524 2963 sporidiis
1564 2892 1737 2963 cylin-

204 2968 211 2979 ‘
273 2961 436 3015 dricis
470 2962 732 3018 incurvis·

1769 2799 1790 2828 Ὶ
