1887 3255
691 156 1121 247 PHYSARUM
1606 176 1714 226 145

87 293 224 347 laris
250 308 282 347 a
307 295 590 368 morphosi
615 296 798 351 minus
827 313 1117 354 autonoma
1144 315 1195 355 et
1224 305 1563 376 peridiorum
1589 332 1716 365 con-

85 366 244 418 fluxu
280 367 494 439 pendet.

82 494 172 548 37.
225 496 324 552 Ph.
361 491 642 558 sinuosmn,
676 495 904 568 peridiis
948 500 1267 571 compressis
1303 503 1710 571 elongato-fle-

224 567 414 619 xuosis
463 569 710 619 venulosis
746 569 971 621 albido-
995 571 1222 624 cinereis
1271 574 1518 626 labiatim
1559 576 1712 627 ‹lehi-

174 660 176 668 ’
224 637 526 704 scentibus,
577 640 756 691 floccis
811 641 1161 713 capillaribus
1208 645 1345 698 albis
1391 644 1707 710 reticulatis,

225 708 482 780 sporidiis
527 710 830 763 atrosuscis.

137 822 388 864 Reticularia
420 825 604 870 sinuosa.
652 825 772 869 Ball,
815 826 987 878 Champ.
1018 838 1066 876 p.
1111 823 1184 868 94,
1224 832 1256 869 1,
1304 825 1403 871 446.
1441 828 1479 873 f.
1521 831 1562 868 2.
1618 833 1708 870 So-

191 882 316 924 werb.
351 883 493 935 Fung.
523 892 556 926 t.
599 885 642 926 6.
705 886 809 928 Dec,
855 887 930 927 Fr.
972 887 1013 927 2,
1052 897 1099 934 p.
1144 883 1244 926 259.
1326 886 1491 923 Trichia
1539 888 1706 928 sinuosa

191 939 450 991 Anglorwm,
519 944 652 993 Phys.
683 942 911 985 sinuosum,
976 938 1198 983 W'ez'nnz.!
1238 943 1285 986 P,
1316 943 1496 982 bivalve.
1546 945 1703 988 Persul

167 998 382 1094 ·Οῖ>,ἓ421.
415 1013 466 1053 p.
497 1002 542 1042 6.
575 1008 609 1046 t,
649 1001 765 1051 1.f.
807 1004 848 1044 2.
895 1003 999 1055 Syn,
1038 1014 1087 1052 p,
1130 999 1232 1042 169.
1277 1001 1518 1052 Sommerfi!
1558 1007 1698 1056 Lapp.

104 1100 107 1101 γ
177 1068 228 1109 p.
356 1085 371 1101 .

246 1167 426 1221 Valde
457 1167 690 1236 insigne,
725 1163 980 1238 Hysterii
1009 1162 1184 1216 instar
1215 1185 1597 1240 compressum,
1630 1174 1704 1225 si-

75 1257 313 1293 nuosum
352 1252 405 1293 et
444 1238 741 1298 dehiscens,
767 1256 872 1304 quo
913 1236 978 1287 ab
1018 1236 1266 1289 omnibus
1309 1242 1586 1295 sessilibus
1616 1265 1703 1295 re-

73 1312 240 1377 cedit,
278 1325 514 1364 ceterum
544 1307 814 1362 variabile
843 1318 893 1357 et
917 1309 1207 1370 confluens,
1231 1321 1290 1360 ut
1315 1311 1550 1365 viderim
1582 1335 1702 1387 spe-

75 1382 277 1435 cimina
317 1380 668 1435 Reticuiariis
698 1378 983 1430 simillima
1024 1392 1073 1429 et
1112 1380 1212 1432 vix
1252 1382 1317 1432 ab
1370 1384 1566 1436 harum
1607 1408 1700 1457 ge-

71 1473 204 1506 nere
240 1454 349 1507 nisi
386 1453 566 1506 ficccis
603 1449 819 1502 tenellis
855 1450 993 1501 albis
1031 1453 1346 1521 separanda.
1415 1455 1701 1510 Peridium

70 1527 576 1589 membranaceum,
612 1535 802 1585 tenue,
845 1520 1166 1591 persistens,
1201 1535 1252 1574 at
1291 1524 1517 1595 fragile,
1556 1548 1702 1580 com-

67 1610 333 1667 pressum,
367 1600 691 1659 flexuosum,
713 1593 1019 1644 venuloso-
1043 1613 1321 1662 rugosum,
1354 1616 1457 1665 quo
1492 1599 1558 1649 ad
1590 1605 1701 1653 Re-

69 1668 159 1722 tio.
201 1669 522 1721 muscicolam
559 1663 779 1727 accedit,
823 1662 1096 1728 albidum,
1140 1679 1192 1715 at
1228 1668 1484 1737 sporidiis
1524 1682 1701 1722 trans-

60 1739 370 1792 lucentibus
412 1756 607 1791 canum
635 1737 675 1788 l.
706 1734 1010 1801 cinereum3
1071 1735 1204 1787 haec
1258 1751 1335 1790 est
1382 1741 1552 1807 ratio,
1605 1762 1701 1794 cur

62 1811 340 1881 margines
378 1811 584 1870 rimae,
627 1827 658 1859 a
708 1805 965 1877 sporidiis
1013 1808 1251 1871 solutae,
1311 1830 1442 1879 quos
1498 1813 1698 1874 descri-

65 1881 202 1933 bunt
235 1887 306 1937 A.
343 1889 400 1937 S.
432 1902 491 1951 p.
524 1881 624 1944 92,
663 1878 917 1931 albicant.
998 1877 1163 1930 Rima
1199 1899 1413 1952 semper
1450 1883 1697 1951 dehiscit,

62 1972 258 2006 verum
299 1956 431 2006 haec
461 1972 605 2004 nunc
646 1949 935 2015 centralis,
968 1969 1112 2000 nunc
1142 1951 1418 2015 lateralis,
1462 1975 1565 2023 quo
1603 1976 1698 2027 pe-

63 2024 274 2077 ridium
311 2025 545 2077 univalve
587 2021 781 2076 evadit.
866 2019 1076 2071 Pendet
1117 2021 1255 2072 enim
1292 2021 1396 2076 hoc
1434 2044 1464 2076 a
1498 2026 1696 2088 forma,

64 2115 202 2165 quae
225 2116 369 2148 nunc
399 2094 632 2164 aequalis
664 2094 801 2153 alta,
830 2111 974 2144 nunc
1004 2111 1030 2143 e
1063 2091 1170 2143 situ
1207 2093 1405 2147 declivi
1441 2097 1691 2166 obliqua3

13 2199 17 2201 -
62 2178 264 2219 statum
307 2167 577 2228 medium,
630 2165 849 2229 „altero
887 2162 1135 2232 margine
1170 2166 1347 2231 tenui,
1400 2169 1570 2220 altero
1607 2170 1693 2219 in-

62 2254 298 2290 crassato
319 2249 352 2271 “
390 2251 512 2290 ante
548 2239 730 2290 oculos
769 2235 960 2286 habuit
984 2235 1262 2304 Persoon‚
1302 2239 1393 2290 sed
1428 2239 1487 2290 in
1522 2240 1695 2310 speci—

32 2309 302 2362 *minibus
340 2309 654 2380 aequalibus
689 2306 962 2377 margines
1005 2325 1215 2376 quoque
1256 2312 1503 2380 aequales
1536 2325 1692 2377 sunt3

59 2399 220 2443 nam,
256 2393 317 2434 ut
350 2400 513 2452 supra
552 2381 665 2457 jam
698 2377 1008 2431 notavimus
1048 2379 1213 2448 leges,
1253 2381 1538 2451 gravitatis
1579 2383 1695 2434 for-

59 2472 208 2504 mam
251 2453 311 2504 in
356 2465 498 2506 statu
535 2450 930 2519 mucilaginosa
980 2450 1361 2506 determinant.
1452 2453 1693 2505 Maxima

58 2523 354 2594 specimina
392 2544 561 2593 usque
603 2526 670 2577 ad
706 2518 876 2573 4—5
923 2521 1022 2577 lin.
1071 2521 1266 2590 longa,
1305 2526 1376 2590 2}
1417 2525 1514 2577 lin.
1565 2528 1689 2585 atita,

59 2594 274 2666 saepius
311 2615 444 2649 vero
482 2597 646 2667 longe
674 2594 890 2645 minora
931 2608 1237 2649 occurrunt,
1308 2596 1491 2647 Flocci
1521 2596 1690 2666 capii-

57 2666 223 2732 lares,
258 2667 560 2734 reticulati,
594 2663 883 2737 parietibus
909 2663 1104 2731 peridii
1132 2665 1318 2718 adnati
1356 2678 1495 2722 sunt,
1543 2680 1600 2717 ut
1629 2667 1692 2718 in

55 2736 160 2788 Ph.
203 2737 376 2804 variis
409 2739 739 2791 tenerrimis.
782 2765 846 2774 --
890 2735 1062 2786 Multa
1102 2736 1296 2789 adsunt
1330 2740 1568 2807 Physara
1610 2738 1690 2788 bi-

56 2809 257 2875 valvia,
299 2808 400 2862 vix
447 2810 594 2863 aliud
637 2809 799 2883 hujus
852 2807 1013 2858 modo
1062 2805 1358 2865 sinuosum.
1439 2812 1528 2861 Ad
1581 2830 1689 2860 mu-

53 2881 444 2948 scos,'stipulas‚
456 2882 606 2949 solia
635 2882 852 2935 decidua
888 2889 996 2929 tam
1036 2878 1170 2945 viva,
1202 2901 1352 2948 quam
1390 2884 1527 2932 sicca
1564 2892 1692 2944 ela,-

53 2951 205 3003 immo
235 2952 291 3002 in
323 2954 512 3004 cortice
541 2956 652 3008 vivo
675 2952 808 3005 Alm'
843 2949 1063 3001 incanae
1111 2962 1204 3004 etc.
1245 2954 1453 3022 ubique,
1500 2962 1694 3002 aestate

52 3023 242 3083 calida,
285 3023 512 3082 madida.
551 3028 629 3093 (V.
662 3028 748 3093 V.)

122 3111 173 3153 P.
190 3110 402 3156 111.Sect.
439 3117 482 3161 1,
1332 3092 1391 3147 K
