1887 3255
515 128 1206 190 SOOLlcoTRmHUM
1215 169 1226 182 .
1581 134 1685 184 449

68 284 136 332 In
173 276 355 344 fructu
403 273 569 328 Pruni
591 269 953 326 Armeniacae.
1001 272 1078 338 (v.
1104 288 1145 322 s.
1172 269 1232 322 in
1279 267 1436 340 Pyris
1470 270 1688 338 lectum,

74 370 144 402 an
175 349 449 402 diversum
464 346 514 414 ⁴2)

71 434 124 488 3.
225 436 292 488 E.
324 431 637 500 fungorum,
683 423 865 478 floccis
915 423 1098 476 effusis
1159 423 1470 478 tenerrimis
1515 427 1690 497 nigris

216 502 476 574 sporidiis
523 496 890 552 concoloribus
929 494 1235 567 pellucidis-

219 588 460 640 Maculas
482 584 624 638 sistit
655 583 862 649 densam,
893 582 1231 646 tenerrimae,
1263 580 1691 637 subdetermina-

76 675 155 714 tas
205 673 376 729 atras3
426 657 517 710 sed
561 655 661 708 sub
709 655 856 707 micr.
914 674 1087 725 comp.
1138 665 1251 704 tam
1300 654 1476 722 flocci,
1533 676 1695 724 quam

77 733 319 804 sporidia
359 727 642 801 pellucida.
717 724 895 778 Flocci
932 738 1145 784 tenueS,
1186 725 1417 791 fugaces.
1501 725 1696 798 Spori-

79 805 166 857 dia
219 799 516 870 insigniora
559 817 720 869 quam
766 797 1229 868 praecedentium,
1290 799 1700 864 Sporoclernn'um

79 876 141 929 in
170 871 491 926 memoriam
514 870 856 927 revocantia,
897 867 1215 927 densissime
1245 882 1553 936 aggregata,
1582 891 1700 922 ma-

80 947 205 998 trici
259 944 475 1004 adnata,
535 943 765 1001 clavata,
820 941 1127 991 luculenter
1164 940 1325 990 3-4
1375 954 1595 1011 septata.
1629 974 1700 982 -

80 1016 481 1086 Sporidermimn
505 1025 674 1066 atrum
720 1012 884 1066 Grev.
926 1010 1109 1083 Grypt.
1152 1013 1294 1064 Scot.
1338 1029 1365 1062 e
1406 1013 1700 1082 specimine

79 1088 246 1141 misso
290 1087 398 1138 huc
438 1086 730 1158 pertineat,
784 1084 876 1136 sed
930 1083 1049 1135 icon
1109 1102 1220 1135 non
1264 1084 1535 1140 convenit.
1612 1087 1705 1140 Ad

87 1159 435 1228 Thelephoras
459 1158 683 1228 aliosque
715 1154 910 1226 fungos
938 1166 1304 1227 putrescentes·
1341 1158 1418 1224 (v.
1449 1159 1530 1228 v.)

321 1446 419 1497 VI.
490 1441 1204 1508 SCOLIGOTRIGHUM.
1275 1441 1464 1501 Kuuz,

140 1567 259 1619 Myc.
286 1561 399 1612 Heft
429 1561 466 1606 1.
490 1573 543 1612 p.
580 1560 652 1602 10.
683 1566 716 1603 i.
750 1561 853 1612 1.f.
882 1559 926 1604 6.
958 1558 1083 1630 ζίηἷε.
1103 1563 1227 1613 Spee.
1251 1564 1290 1600 1.
1311 1576 1359 1614 p.
1393 1562 1468 1610 35.

228 1642 459 1698 GHAR.
537 1641 720 1694 Flocci
773 1644 1036 1714 contigui,
1083 1657 1503 1716 transparentes.
1564 1647 1706 1721 Spo-

86 1717 228 1772 ridia
251 1716 535 1784 „oblonga‚
568 1713 777 1781 libera,
819 1716 1055 1789 didyma.

233 1787 390 1840 Obs.
467 1785 650 1838 Genus
688 1786 830 1839 mihi
861 1787 1107 1855 ignotum
1120 1808 1135 1853 3
1179 1787 1306 1840 hinc
1341 1789 1405 1841 de
1439 1810 1569 1843 vero
1592 1791 1709 1844 loco

89 1859 285 1913 dubius
331 1877 467 1912 sum.
546 1856 800 1912 Forsitan
850 1860 915 1910 ad
961 1858 1271 1912 Dematieos
1320 1860 1499 1932 potius
1542 1863 1710 1934 perti-

88 1944 210 1997 net,
250 1930 342 1983 sed
377 1927 531 1980 flocci
564 1927 858 1981 admodum
895 1950 1016 1982 cum
1055 1943 1310 1999 sequente
1344 1952 1537 2001 genere
1584 1954 1713 1985 con-

87 2005 279 2058 venire
312 2001 592 2066 videntur,
629 1999 899 2069 simulque
945 2020 1058 2054 esse
1093 2003 1418 2074 mycelium,
1470 2005 1713 2077 sporidia

88 2085 329 2144 tegentes
360 2091 459 2123 nec
498 2069 858 2142 sporidisferi.
931 2077 980 2126 A
1018 2086 1270 2142 sequente
1305 2095 1503 2143 genere
1536 2076 1714 2148 spori-

91 2146 197 2198 diis
231 2143 468 2216 didymis
508 2154 719 2194 tantum
741 2143 962 2197 differre
994 2143 1242 2212 videtur3
1283 2146 1530 2218 illudque
1573 2159 1716 2200 certe

91 2237 162 2270 ex
194 2216 298 2269 hac
333 2215 474 2267 serie
498 2220 594 2265 est.

90 2304 155 2357 ι,
237 2294 935 2354 scomoOTfflCHUM
973 2284 1238 2353 virescens.
1277 2302 1313 2356 1.
1354 2322 1398 2357 ο.

233 2384 570 2436 Tomentum
590 2381 731 2433 sistit
754 2399 916 2452 supra
952 2383 1343 2453 epidermidem
1365 2386 1716 2458 superficiale,

90 2467 280 2522 tenue,
313 2453 826 2518 indeterminatum,
885 2471 912 2503 e
953 2455 1124 2507 viridi
1171 2457 1430 2527 griseum.
1515 2459 1718 2511 Fibrae

91 2528 188 2579 sub
222 2526 379 2580 micr.
418 2525 548 2578 satis
585 2525 806 2594 longae,
858 2524 985 2576 laxe
1027 2526 1340 2596 intricatae,
1387 2531 1716 2582 crassiuscu-

91 2600 203 2659 lae,
238 2599 540 2663 flexuosae,
592 2595 896 2665 simpliceS‚
928 2598 1030 2648 ‘sed
1081 2619 1108 2651 e
1151 2601 1353 2673 duplici
1399 2603 1716 2653 membrana

94 2669 242 2739 quasi
277 2668 473 2729 factae,
513 2668 842 2739 pellucidae,
894 2668 1043 2738 apice
1083 2683 1408 2732 attenuatae,
1460 2673 1716 2725 subunci-

78 2753 268 2793 «natae.
344 2739 584 2810 Sporidia
612 2758 799 2807 parva,
838 2758 1018 2808 opaca.
1084 2746 1175 2796 Ad
1193 2765 1361 2797 ramos
1391 2746 1557 2797 Prunz'
1580 2745 1719 2802 Padi

92 2821 148 2868 in
186 2811 409 2864 Lusatia
439 2808 717 2878 Schmidt,
758 2811 997 2863 Berolini
1021 2810 1295 2874 Schlecht.
1330 2815 1456 2870 Ber.
1495 2837 1549 2889 p.
1591 2816 1714 2869 154.

93 2898 172 2962 (v.
203 2891 297 2955 ic.)
