1887 3255
575 123 1224 186 SPORENDONEMA.
1580 121 1729 183 §435

114 272 499 329 rendonemate
548 282 726 322 autem
777 267 1020 348 sporidia
1070 267 1216 319 intra
1278 267 1505 318 floccum
1554 268 1728 319 libera

115 347 448 407 formantur,
495 342 677 411 quales
710 337 862 390 flocci
908 357 1018 389 non
1057 337 1248 420 septati
1296 337 1592 420 persistunt
1639 357 1732 390 ae-

116 417 317 487 quales.
399 414 586 467 l⁴acile
647 409 848 463 fortior
886 410 1154 478 vegetatio
1202 409 1263 460 in
1329 410 1432 459 solo
1484 410 1734 460 animali!

117 489 186 541 ad
223 488 364 539 hanc
390 483 761 539 evolutionem
793 450 1111 549 contuferi13
1151 479 1408 532 Torula
1389 499 1497 552 jam
1532 481 1731 550 primi-

117 571 203 612 tus
228 554 620 612 moniliformis
641 552 760 606 visa
800 564 893 605 est.
931 583 997 590 -
1021 552 1113 602 Ἀἵ
1150 553 1214 602 ob
1246 553 1434 603 floccos
1466 555 1733 604 subceno-

117 643 265 684 tocos
304 630 370 682 ad
427 624 843 680 Trickodermeos
888 622 1043 673 facile
1087 622 1287 674 referri
1323 635 1515 704 potest.
1590 621 1735 694 Spo-

119 702 279 754 ridiis
315 700 374 752 in
410 696 560 767 apice
594 697 887 747 floccorum
925 705 1134 752 tantum
1169 695 1378 746 seriatis
1409 695 1512 747 hoc
1561 712 1733 766 genus

119 790 374 842 magnam
425 768 586 818 habet
640 765 1054 818 similitudinem
1124 785 1246 816 cum
1293 767 1606 836 Aregmate.
1660 795 1734 806 —

119 843 344 896 Floccos
391 850 594 891 erectos
642 856 758 890 esse
814 833 926 889 Cel.
981 834 1386 918 Desmaziere8‚
1449 857 1648 891 nomen
1704 857 1737 890 a

121 913 360 990 sporidiis
402 911 545 962 iutra
590 907 784 991 floccos
825 926 1067 970 sumenS‚
1119 906 1228 982 jam
1262 907 1368 959 rite
1411 909 1737 971 observavit,

121 986 214 1039 sed
249 985 352 1035 hoc
382 988 720 1049 ‘momentum
751 980 812 1032 in
845 979 1158 1050 genericum
1190 979 1557 1033 characterem
1590 982 1739 1034 haud

121 1055 331 1127 recepi,
372 1074 493 1106 cum
519 1053 581 1105 in
616 1065 726 1106 toto
752 1053 943 1106 ordine
978 1051 1106 1103 nulli
1128 1061 1399 1103 occurrant
1416 1051 1588 1124 flocci
1611 1072 1740 1106 vera

121 1128 351 1198 sporidia
382 1126 468 1190 fer
471 1137 607 1177 entes
641 1125 1001 1180 decumbentes.

125 1231 178 1284 E.
263 1232 318 1281 S.
367 1226 535 1292 Casei
570 1225 748 1277 floccis
787 1220 1116 1276 subramosis
1154 1219 1215 1272 in
1255 1221 1576 1293 caespitulos
1614 1224 1739 1296 pul·

266 1299 478 1350 vinatos
505 1297 702 1349 rubros
733 1293 1017 1348 contextis

182 1384 342 1424 Mucor
367 1392 616 1427 crustaceus.
645 1383 763 1426 Ball.
802 1382 970 1434 Champ.
1000 1388 1033 1425 t
1064 1380 1166 1425 504.
1186 1381 1236 1432 f.
1281 1384 1324 1427 2,
1380 1377 1586 1434 Aegerita
1616 1387 1744 1426 crust.

243 1444 345 1481 Dec.
374 1444 450 1485 Fr.
483 1445 525 1486 2.
543 1457 593 1494 p.
621 1443 697 1488 72.
738 1440 908 1480 Oidium
932 1442 1100 1483 rubens.
1131 1438 1242 1480 Link
1276 1440 1375 1481 Obs.
1407 1443 1450 1483 2,
1479 1454 1525 1492 p.
1557 1439 1630 1482 37.
1664 1440 1746 1477 Se-

245 1500 471 1549 pedonium
497 1512 726 1541 caseorum.
763 1498 874 1537 Link
898 1501 1020 1550 Spec.
1052 1501 1092 1541 1.
1122 1511 1170 1549 p.
1200 1500 1271 1537 29.
1306 1499 1568 1546 Sporendon
1605 1496 1747 1544 Casei,

242 1560 434 1598 Desmaz.
452 1555 474 1598 Ι
506 1558 556 1602 ll
590 1571 650 1603 cc
682 1557 809 1612 Duby
835 1559 941 1610 Syn
977 1555 1098 1600 Gall
1124 1559 1170 1598 2.
1183 1569 1234 1608 p
1266 1557 1370 1600 925

269 1629 332 1677 In
363 1637 502 1676 statu
531 1639 723 1694 vegeto
756 1624 1066 1705 puivinulos
1099 1622 1242 1676 sistit
1280 1623 1747 1678 Trichodermatis

129 1698 244 1750 sere
281 1696 450 1756 facie,
486 1666 631 1748 dein&
643 1694 900 1777 sporidiis
943 1694 1188 1776 pulveris
1228 1694 1402 1746 instar
1436 1697 1620 1749 effusis
1653 1717 1748 1747 ru-

129 1770 245 1822 bris
288 1769 466 1820 solum
520 1769 624 1819 late
683 1766 914 1819 obducit.
998 1763 1251 1835 Spoxidia
1298 1766 1358 1817 li‘
1349 1781 1526 1819 jerata
1584 1767 1750 1819 etiam

131 1840 374 1892 seriatim
406 1841 606 1910 passim
637 1839 928 1890 cohaerent
963 1847 1014 1887 et
1056 1836 1117 1887 in
1151 1837 1251 1889 hoc
1284 1850 1426 1889 statu
1449 1839 1609 1893 facile
1648 1839 1753 1891 Oi-

134 1913 285 1964 dium
322 1931 378 1962 01
368 1912 525 1964 edas
596 1914 662 1961 In
695 1909 858 1961 caseis
896 1907 1118 1961 zetus-tis.
1158 1910 1234 1977 (v.
1268 1913 1335 1977 s.)

131 2010 186 2066 2.
281 2014 336 2061 S.
374 2007 521 2074 Sebi,
569 2006 749 2058 ssoccis
795 2004 1190 2086 simplicibus
1170 2025 1231 2057 111
1271 2007 1593 2078 caespitulos
1629 2007 1754 2080 Pul-

274 2080 489 2133 vinatos
523 2077 701 2130 fuscos
731 2075 1020 2131 intricatis.

192 2170 359 2214 Torula
387 2169 550 2220 epizoa.
617 2168 755 2211 Corda
784 2167 899 2220 apud
925 2170 1083 2212 sturm.
1115 2167 1157 2214 8
1188 2166 1299 2218 Hes!
1320 2174 1357 2210 t.
1387 2164 1465 2212 45

277 2239 746 2301 Habit.11S,locus
781 2250 884 2290 etc.
934 2238 1157 2319 omnino
1199 2237 1361 2312 hujus
1407 2233 1643 2306 generiS‚
1701 2245 1755 2286 et

136 2311 378 2381 sporidia
409 2310 609 2363 tubulis
631 2311 923 2361 floccorum
944 2309 1197 2380 primitus
1222 2331 1250 2361 r
1256 2321 1432 2381 ecepta
1456 2325 1570 2358 esse
1594 2304 1757 2357 etiam

139 2383 395 2451 descripti
401 2404 429 2434 0
459 2382 718 2435 Auctoris
767 2381 977 2441 suadet,
1028 2400 1191 2450 quare
1239 2381 1342 2432 hoc
1392 2381 1512 2431 loco
1557 2376 1757 2448 recepi.

143 2452 441 2538 Caespituli
478 2453 764 2525 compacti,
803 2452 1046 2515 ssoccosi,
1093 2452 1194 2504 vix
1236 2452 1440 2503 lineam
1477 2449 1759 2518 attingen-

66 2549 74 2555 *
141 2537 234 2576 tes.
305 2524 562 2596 Sporidia
613 2525 863 2594 globosa,
897 2543 1080 2594 opaca.
1157 2528 1222 2575 In
1256 2523 1402 2576 Sebo.
1439 2524 1513 2588 (v.
1538 2520 1635 2589 10.)

98 2677 108 2679 ζ
141 2608 196 2663 3.
244 2629 246 2634 “
288 2614 342 2663 S.
393 2615 632 2671 ffilusccse,
688 2608 865 2660 ’1100015
921 2609 1256 2678 simplicibus
1321 2608 1382 2660 in
1434 2606 1756 2678 caespitulos

284 2680 590 2733 sublobatos
628 2681 776 2732 albos
812 2681 1200 2749 cong'utinaiis.

283 2761 518 2814 Habitus
548 2782 575 2813 a
601 2761 775 2834 priori
805 2763 1095 2815 admodum
1127 2765 1396 2829 divgersus
1435 2765 1580 2817 nudo
1606 2765 1761 2817 00010

143 2831 280 2883 sistit
312 2835 592 2884 tubeicula
632 2833 1062 2902 subgelatinosa‚
1108 2835 1441 2905 inaequalia,
1475 2855 1640 2917 saepe
1675 2836 1760 2887 lo-

147 2905 297 2970 bata,
338 2906 489 2967 alba,
526 2904 754 2958 minuta.
830 2903 944 2958 Sub
983 2906 1338 2978 microscopio
1378 2926 1510 2959 vero
1554 2907 1758 2989 prioris

145 2986 472 3029 structuram
518 2987 703 3049 aperte
747 2987 1029 3034 monstrat.
1100 2979 1280 3032 Flocci
1317 2978 1528 3033 fertiles
1575 2978 1755 3040 erecti,
