1887 3255
170 172 282 225 410
809 174 1156 232 MONILIA.

191 311 492 371 diversum.
562 314 817 388 Sporidia
853 316 1111 389 Dae-tytii,
1159 314 1311 389 apice
1358 315 1629 390 digitatim
1668 340 1800 377 con-

194 395 369 454 gesta,
414 385 478 439 in
520 386 709 455 floccos
758 387 968 442 fertiles
1008 387 1404 442 moniliformes
1454 390 1796 463 elongantur,

184 456 438 511 ‘articulis
477 457 538 510 in
573 459 813 532 sporidia
864 460 1244 514 dilabentibus.
1308 459 1407 513 Est
1442 460 1545 516 hac
1566 464 1801 527 ,ratione

192 526 340 580 idem
378 529 701 584 evolationis
752 532 952 603 gradus
998 550 1059 585 ac
1103 532 1509 600 Helicosporium
1547 534 1608 587 in
1645 555 1803 606 prae-

193 600 413 652 cedente
455 603 619 669 serie‚
655 601 779 656 licet
813 603 946 656 haec
981 604 1225 675 analogia
1266 623 1377 656 non
1427 615 1540 658 tam
1581 606 1801 661 evidens

192 668 264 723 sit
285 689 445 739 quam
461 673 796 743 reliquorum
812 694 1073 746 generum
1087 675 1366 744 utriusque
1385 676 1566 734 seriei.
1603 682 1803 747 Asper-

189 740 346 809 gillo,
389 744 646 815 sporidiis
679 746 1099 817 erumpentibu3‚
1135 747 1534 801 accidentaliter
1571 749 1803 818 seriatis,

191 810 254 865 in
291 814 582 887 capitulum
617 818 907 889 congestis,
944 836 1144 902 parum
1185 819 1348 871 affine
1381 819 1520 872 mihi
1566 820 1805 877 videtur.

195 882 343 937 Tam
381 905 513 939 vero
566 888 773 961 origine
810 890 1206 963 sporldiorum,
1261 908 1418 960 quam
1464 891 1806 961 vegetatione

199 956 353 1010 Oidz'o
379 959 723 1032 proximum3
769 965 852 1015 M.
887 961 1189 1030 penio-illata
1233 973 1312 1014 est
1350 961 1553 1015 Oidium
1587 963 1808 1015 Mon-ili.

192 1025 332 1079 eides
373 1028 685 1101 stipitatum.
773 1033 959 1086 Facile
1018 1033 1295 1085 crederem
1338 1029 1628 1085 Moniliam
1683 1054 1807 1087 cum

192 1095 361 1151 Oidio
397 1101 531 1154 olim
566 1105 863 1174 confluere3
898 1104 1010 1180 jam
1046 1103 1107 1156 in
1148 1103 1299 1158 oidio
1338 1103 1624 1156 leucoconio
1657 1105 1807 1158 adest

191 1168 358 1241 stipes
396 1183 447 1224 et
484 1173 612 1226 huic
663 1174 927 1229 similem„
948 1174 1124 1227 obiter
1168 1173 1287 1228 vidi
1326 1173 1552 1245 stirpem
1601 1174 1805 1229 duabus

193 1241 562 1312 sporidiorum
626 1246 829 1300 catenis
902 1244 1276 1314 terminatam,
1344 1264 1503 1315 quam
1555 1246 1804 1316 neglexi,

193 1329 315 1364 cum
354 1325 404 1365 et
435 1318 604 1370 semel
637 1318 798 1372 modo
838 1317 1120 1372 observata
1144 1316 1251 1384 sit,
1287 1326 1339 1368 et
1374 1316 1439 1369 de
1471 1335 1667 1385 genere
1706 1318 1807 1369 du-

191 1380 284 1436 bia
321 1396 535 1443 restent.
588 1420 658 1431 -
701 1392 837 1444 Cum
874 1386 1247 1463 praesentibus
1294 1386 1433 1460 aptis
1470 1388 1806 1462 *synonymis

188 1471 332 1509 nova
366 1458 590 1514 nomina
621 1479 733 1516 non
757 1461 1011 1532 fingenda
1044 1459 1178 1528 sint,
1218 1458 1347 1512 huic
1381 1457 1620 1514 vidie-avi
1651 1460 1808 1532 paul-

191 1523 309 1579 lum
352 1546 552 1600 vagum
595 1533 879 1601 Maniliae,
923 1530 1263 1605 aptissimum
1312 1541 1363 1583 et
1407 1529 1575 1603 primi
1610 1530 1808 1586 inven-

189 1597 326 1651 toris
362 1598 516 1655 ideae
550 1604 916 1676 respondens,
943 1602 1083 1673 quod
1123 1601 1286 1655 etiam
1317 1601 1382 1654 ad
1426 1601 1583 1657 Oidz'a
1614 1613 1806 1656 exten-

191 1666 453 1735 dendum,
519 1673 567 1727 si
623 1675 691 1728 ad
743 1673 1014 1728 monitum
1074 1671 1322 1725 Michelii
1386 1670 1805 1745 conjungantur.

190 1740 418 1793 Monilia
448 1741 672 1799 Recent.
704 1763 735 1798 a
773 1745 984 1800 Torula
1016 1743 1168 1796 nullo
1208 1742 1369 1796 modo
1403 1742 1631 1807 recedit,
1669 1762 1805 1814 quae

193 1808 356 1864 etiam
391 1814 543 1868 varia
579 1816 887 1870 Auctor-um
923 1814 1091 1869 Oidia
1132 1813 1239 1867 sibi
1256 1812 1515 1868 vindicat.
1555 1847 1618 1856 -—
1652 1816 1806 1868 Floc-

191 1897 379 1936 corum
422 1885 574 1940 color
612 1906 684 1941 ex
717 1887 896 1940 albido
938 1885 1176 1957 griseu8‚
1213 1884 1805 1958 hyalino-pelluciduS.
1851 1937 1856 1948 „

193 1995 241 2050 1.
335 2000 416 2050 M.
453 1999 782 2069 penicillum,
817 1997 999 2054 floccis
1023 1997 1267 2052 discretis
1293 1996 1643 2070 simplicibus,
1677 2017 1806 2072 spo-

325 2067 604 2191 fidiorum
656 2071 859 2126 catenis
909 2068 1287 2125 terminalibus
1341 2069 1803 2125 numerosissimis

351 2157 489 2197 axls.

244 2253 506 2308 Aspergillus
533 2256 809 2307 penit-inatus.
861 2258 991 2301 Grev.
1025 2256 1171 2311 crypt.
1201 2254 1315 2294 ὅσοι.
1347 2258 1381 2300 t,
1406 2250 1498 2296 32!
1535 2251 1815 2293 Peniciffium-

297 2324 500 2362 sparsum.
532 2315 643 2356 Link
673 2320 794 2370 Spee.
829 2318 869 2356 1.
894 2328 942 2369 p.
984 2314 1057 2362 70,
1093 2312 1265 2357 Briarea
1298 2313 1483 2362 elegans,
1522 2310 1658 2351 Corda
1688 2309 1816 2363 apud„

296 2373 453 2420 Sturm,
481 2376 513 2419 l.
541 2386 577 2418 c.
609 2376 719 2428 11th
746 2377 817 2421 ΙΙ,
846 2380 881 2420 i.
910 2374 955 2419 6.

325 2455 555 2510 Mucedo
594 2455 990 2530 pulcherrima,
1028 2470 1099 2506 ex
1126 2449 1270 2503 'albo
1315 2445 1798 2530 gri-seo-hyali-nffi

186 2544 246 2578 re
279 2526 398 2599 ipsa
445 2529 596 2585 Oidz'o
631 2526 929 2582 Monilioidi
958 2521 1163 2584 affinis,
1220 2519 1312 2572 sed
1354 2519 1799 2590 d1stmcte·st1p1-
1847 2526 1855 2542 ⁸

188 2608 327 2661 tata,
404 2601 470 2654 ob
528 2600 850 2669 gravitatem
896 2594 1260 2673 sporidiorum
1324 2600 1536 2642 matura
1567 2606 1798 2672 'cernua-

186 2668 373 2725 Flocci
411 2671 615 2725 fertiles
649 2670 813 2724 erecti
825 2708 865 2738 ,ἐ
877 2665 1117 2742 gregarii
1151 2660 1393 2747 guidem,
1435 2660 1528 2713 sed
1561 2671 1705 2712 inter
1739 2677 1798 2712 se

188 2740 432 2806 discreti,
490 2740 908 2814 simplicissimi,
976 2744 1197 2811 septan,
1246 2731 1311 2784 ad
1370 2743 1518 2804 septa
1565 2731 1798 2813 ’demum

187 2815 537 2885 strangulati,
579 2813 639 2867 in
674 2813 928 2867 articulos
971 2811 1403 2886 intumescente&
1475 2806 1641 2883 Aprce
1685 2812 1796 2852 ter-

187 2880 467 2939 minantur
498 2885 748 2940 fasciculo
786 2901 1062 2937 ramorum
1100 2876 1534 2939 indefimtorum,
1571 2890 1632 2954 in
1670 2890 1795 2943 spo-

189 2955 334 3007 ridia
401 2957 725 3023 subglobosa
786 2952 1158 3007 dilabantium.
1267 2947 1359 3001 Ad
1394 2957 1401 2963 '
1411 2961 1658 3013 gramma
1702 2942 1795 2994 sub

183 3029 330 3094 prelo
361 3023 600 3080 sudantia
635 3026 835 3080 detexit
878 3022 1140 3078 Greville.
1182 3022 1254 3088 (v.
1298 3020 1366 3083 s.)
