1887 3255
660 120 1087 195 sommis
1582 136 1691 190 397

123 282 186 336 Β
217 259 397 329 cinerea.
452 286 582 335 Pers,
599 282 709 336 Syn.
739 293 785 333 p.
826 282 929 325 690.
973 282 1080 336 desp.
1114 274 1235 320 mem.
1263 285 1298 323 t.
1327 279 1373 322 3.
1393 278 1443 330 f.
1479 280 1545 319 10.
1576 281 1689 319 haud

183 342 319 388 hona⁸
375 341 477 387 Alb
510 347 567 382 et
580 338 782 382 Schweim
821 342 970 394 Consp.
999 355 1046 394 Ρ
1076 337 1176 383 363.
1209 337 1373 385 Schum,
1402 339 1538 378 Saell.
1571 342 1612 385 2
1641 353 1690 392 Ρ

140 399 142 403 ’
193 401 292 443 238.
330 400 439 441 Lmk
465 403 586 452 Spec.
616 402 659 443 1
683 412 740 473 Ρ.
777 397 850 439 63.

220 485 276 536 Α
312 483 659 565 praecedente
696 482 854 562 longe
875 480 1145 532 removeri
1167 501 1275 534 non
1298 479 1470 533 debet.
1507 476 1694 531 Flocci

82 552 296 607 steriles
331 557 381 606 in
418 556 514 606 hac
551 570 707 621 saepe
737 552 893 603 etium
944 565 1294 615 evanescunt,
1354 551 1444 604 sed
1486 549 1693 602 fertiles

83 625 136 677 in
188 626 408 677 densam
444 624 724 681 silvulam,
773 622 968 675 limam
1011 625 1198 688 altam,
1243 622 1538 692 stipantur,
1582 621 1695 690 jam

83 698 230 748 nudo
264 698 412 749 oculo
446 694 854 762 distinguuntur
883 694 1135 758 sarinosi3
1171 695 1393 746 omnino
1424 693 1696 776 simplices

86 781 178 819 aut
222 735 643 818 11n0yalter0ve
660 783 812 816 ramo
855 764 1087 834 simplici
1142 766 1297 817 aucti
1377 764 1490 818 Sub
1540 764 1695 817 micr.

87 858 259 920 comp.
295 836 443 888 flocci
475 835 642 887 adulti
690 855 903 906 semper
947 837 1292 904 strangulati,
1342 837 1586 889 articulis
1620 835 1700 886 al-

84 910 254 962 ternis
288 906 610 990 constrictis,
645 907 868 958 alternis
891 907 1227 978 compressis,
1264 920 1322 959 ut
1346 909 1498 976 quasi
1526 910 1706 962 Alter-

84 981 238 1032 naria
266 978 350 1032 sui
372 978 601 1049 generis.
662 978 916 1050 Sporidia
939 980 1249 1047 glomerata,
1287 980 1528 1048 globosa,
1567 979 1704 1043 alba,

85 1070 184 1124 per
223 1063 449 1102 aetatem
487 1050 716 1101 cinerea.
825 1020 983 1102 Duaoe
1037 1050 1323 1121 praecipue
1369 1064 1493 1102 sunt
1543 1049 1706 1124 hujus

87 1122 282 1193 speciei
319 1123 527 1174 formae
567 1121 754 1173 habitu
792 1122 954 1174 valde
995 1122 1330 1188 recedentes,
1386 1123 1475 1173 sed
1514 1122 1706 1173 chara-

86 1194 322 1246 cteribus
363 1194 500 1244 haud
537 1193 894 1275 separandae3
942 1194 1107 1244 altera
1137 1194 1200 1244 ad
1241 1193 1415 1246 caules
1465 1193 1706 1245 exsicca-

88 1276 170 1317 tos
207 1266 352 1317 nudo
403 1265 552 1316 oculo
596 1264 766 1335 magis
812 1264 1155 1329 funiculosa,
1204 1265 1410 1332 rigida,
1460 1264 1702 1329 cinerea;

86 1337 256 1388 altera
294 1337 357 1388 ad
392 1337 566 1387 caules
611 1336 894 1405 putredine
921 1335 1036 1388 fere
1068 1335 1380 1399 dissolutos,
1413 1336 1542 1387 haec
1568 1337 1707 1388 mol-

86 1407 186 1468 lis,
229 1408 565 1472 mucidinea‚
605 1407 1156 1476 suligineo-cinerea.
1226 1409 1316 1460 Ad
1355 1410 1521 1459 caules
1548 1410 1703 1475 plan..

87 1490 258 1531 tarum
323 1490 570 1531 emortuos
632 1478 1014 1546 vulgatissima·
1052 1478 1192 1530 omni
1261 1479 1391 1530 aemi
1459 1490 1702 1548 tempore.

88 1551 164 1620 (v.
203 1554 283 1623 V·)

89 1659 140 1718 8.
233 1670 301 1720 Β.
337 1666 666 1735 aeruginosa,
703 1666 884 1720 floccis
922 1666 1196 1719 fertilibus
1234 1666 1544 1738 caespitosis
1573 1667 1705 1720 sim-

234 1737 562 1820 pliciusculis
615 1739 778 1804 albis,
833 1738 1083 1809 sporidiis
1130 1739 1370 1821 globosis
1417 1739 1709 1810 aerugino-

233 1808 307 1861 sis
346 1810 570 1862 minutis
603 1810 1018 1880 conglomeratis
1055 1811 1217 1862 dense
1244 1811 1578 1873 incrustatis.

146 1909 215 1955 B.
246 1911 506 1962 aeruginosa
561 1911 728 1955 schum
761 1910 898 1955 Saell
929 1910 970 1949 2.
993 1923 1042 1963 Ρ.
1070 1911 1174 1955 238
1209 1923 1296 1952 non
1324 1914 1474 1955 obstat.

244 1993 528 2047 Penicillio
575 2006 847 2046 crustaceo
893 1993 1102 2061 affinis,
1146 2006 1205 2046 ut
1248 1995 1400 2065 prior
1436 2003 1495 2051 P.
1540 1996 1711 2062 fasci-

96 2066 300 2119 czdato!
370 2065 551 2116 Flocci
598 2067 737 2129 albi,
786 2065 1096 2132 intertexti‚
1147 2067 1237 2118 sed
1285 2067 1493 2119 fertiles
1539 2069 1709 2137 apici-

93 2138 194 2189 bus
248 2136 493 2188 discretis
544 2137 882 2206 simplicibus
932 2138 1195 2200 eminent,
1255 2138 1396 2202 laxi,
1450 2139 1707 2209 sporidiis

94 2208 258 2260 dense
332 2208 747 2261 investientibus
814 2209 1329 2277 conglomeratisque
1408 2209 1709 2268 incrustati.

93 2280 183 2334 Ad
214 2278 418 2345 fructus
453 2281 686 2348 putrzdos
726 2280 857 2346 Pege}
905 2278 1275 2333 Schumacher
1325 2281 1380 2332 in
1427 2284 1710 2350 „Fuligme

94 2351 491 2420 Lycoperdine“
527 2373 566 2406 s,
606 2352 830 2406 Reticul.
875 2352 1125 2407 umbrina.
1173 2356 1246 2420 (V.
1281 2356 1358 2423 V)

305 2463 491 2519 Trib
536 2469 625 2518 111.
711 2462 1090 2518 CYMOSAE.
1179 2466 1365 2518 Flocci
1435 2467 1705 2539 simplices

93 2543 185 2584 aut
230 2552 389 2604 parce
424 2536 656 2602 ramosi,
698 2536 847 2607 apice
880 2536 1131 2588 multifidi
1162 2539 1484 2610 subcymosi.
1553 2542 1707 2610 Pol-y-

92 2604 241 2657 actis.
312 2605 464 2658 Link
505 2609 634 2660 Obs.
672 2611 720 2662 l.
760 2628 856 2659 nec
893 2607 967 2680 Sp
974 2629 1044 2662 ec.
1092 2611 1145 2664 l,
1195 2613 1328 2661 Nees
1367 2616 1496 2679 Syst

238 2676 293 2727 A
354 2676 635 2731 Penicil'io
684 2630 967 2731 receduntp
997 2680 1237 2764 apicibus
1304 2680 1705 2765 obtusiusculis‚

93 2746 285 2798 Iobatis
323 2748 498 2818 potius
534 2770 694 2819 quam
730 2751 1070 2822 penicillatis.

96 2830 152 2884 9.
246 2837 312 2884 B.
345 2852 500 2900 cana,
529 2836 711 2917 floccis
752 2836 1010 2905 cinereis,
1047 2838 1320 2890 sterilibus
1369 2837 1552 2890 effusis
1591 2836 1706 2890 fer-

233 2902 419 2956 tilibus
454 2877 604 2974 apice
638 2908 900 2962 ramosis
882 2910 1181 2982 ,sporidiis
1218 2909 1463 2964 ovalibus
1490 2906 1704 2981 magnis

236 2972 366 3029 hinc
396 2975 523 3030 inde
555 2978 833 3053 adspersis
