1887 3255
570 100 1151 194 scLERoDsssMA
1603 134 1675 187 47

169 285 277 341 fide)
302 288 406 332 nee.
438 285 572 338 sna.
601 290 648 336 p..
676 267 778 327 266,
807 281 859 324 L.
886 279 1139 319 temanum.
1169 271 1359 315 scama!
1390 272 1526 318 suen,
1550 276 1592 318 2,
1624 287 1678 326 p,

168 350 270 388 191.
293 346 439 395 (status
463 341 704 393 expallens)
724 342 770 383 S,
796 346 956 381 aurant.
993 340 1110 376 Pers.
1139 347 1231 388 syn.
1261 348 1306 386 p.
1328 334 1428 379 153.
1447 336 1560 391 ‘excL
1577 345 1680 383 syn,

166 406 289 446 Linn.
312 405 361 448 S.
386 400 598 446 diuinum,
625 404 747 440 Pers.
765 400 796 440 l.
824 409 864 443 c.
889 396 1040 440 minua.
1064 395 1107 439 S,
1128 400 1400 441 squamatum.
1425 392 1554 435 Chen,
1571 402 1677 441 par,

157 477 207 515 ph
239 464 362 509 357„

110 537 155 580 h„
181 535 315 573 minus
336 533 586 580 renisurum,
606 523 938 577 subsp'adiceum.
966 521 1135 578 [Vm'll.
1157 522 1190 564 l.
1214 536 1250 564 c.
1273 536 1319 564 n.
1348 522 1416 564 13.
1433 521 1484 572 f.
1511 521 1554 567 5.
1582 524 1610 561 6
1628 520 1683 578 2]

171 595 317 633 Tuber
337 593 529 634 solidum.
567 586 710 629 W'ith.
735 599 825 623 arr.
858 586 900 626 3.
929 581 1095 635 p.459,
1124 583 1289 619 undeet
1306 580 1390 624 Sel.
1416 592 1535 631 cepa,
1559 585 1683 627 Pers,

174 665 266 706 syn,
294 664 343 703 1²·
379 649 478 692 155,
501 647 545 686 S.
567 644 724 694 spadic.
752 648 872 685 Pers.
903 642 934 686 l.
957 655 992 679 e·
1019 652 1075 680 ex
1095 641 1204 695 obs„
1235 641 1345 685 excl.
1367 650 1463 690 syn.

170 719 383 788 ⁴Quum
417 716 559 768 hanc
598 710 832 784 speciem
871 708 932 762 in
979 728 1109 777 agro
1146 707 1553 783 Femsjonensi‚
1590 710 1687 762 ubi

54 793 172 847 sola
215 790 314 842 sub
347 785 652 840 innumeris
677 782 872 837 formis
913 779 1131 834 obviam
1159 780 1330 846 venit,
1357 801 1455 852 per
1486 781 1690 850 viginti

56 882 227 917 annos
268 857 707 919 observaverim,
756 855 822 906 de
859 851 1188 905 limitatione
1225 851 1452 904 minime
1484 853 1691 907 dubito.

57 929 422 988 Differentiae
470 928 698 993 coloris,
748 937 1014 990 staturae,
1061 923 1367 995 superficiei
1410 938 1505 976 etc.
1547 937 1692 977 certe

56 1006 200 1059 nihil
221 1004 423 1058 valent.
475 998 697 1053 Radicis
724 999 895 1050 fibrae
918 994 1220 1057 intricatae,
1248 1008 1571 1066 compactae,
1603 998 1693 1048 lu-

60 1088 322 1138 tescentes
355 1085 446 1126 aut
486 1073 655 1135 albae,
696 1069 925 1140 subinde
954 1068 1014 1120 in
1047 1067 1288 1138 stipitem
1316 1067 1538 1120 brevem
1570 1072 1694 1121 coe‘-

60 1161 176 1202 unt.
260 1145 548 1199 Peridium
583 1142 804 1205 sessile,
843 1139 1044 1212 stipitis
1076 1140 1314 1191 umbone
1349 1138 1693 1202 instructum,

62 1218 595 1292 globoso-difforme
612 1253 628 1278 ,
701 1233 860 1285 saepe
913 1230 1283 1284 compressum
1334 1210 1372 1262 l.
1429 1211 1695 1281 lobatum‚

64 1313 226 1363 quam
279 1290 621 1359 reliquorum
670 1286 817 1338 intus
871 1285 1044 1336 multo
1098 1284 1287 1335 durius
1338 1294 1390 1334 et
1442 1284 1698 1347 crassius,

64 1383 225 1416 carne
265 1363 388 1414 alba
416 1372 507 1411 aut
542 1360 769 1411 dissecta
809 1355 1096 1408 hincinde
1131 1355 1362 1418 rubella,
1395 1356 1701 1428 valdeper-

65 1436 290 1500 sistens,
342 1431 759 1485 indeterminate
795 1441 845 1480 et
872 1426 1254 1497 irregulariter
1290 1427 1571 1479 dehiscens
1612 1428 1700 1480 id-

68 1527 171 1578 que
190 1505 340 1578 apice
363 1517 575 1555 tantum
605 1514 864 1553 autumno
892 1498 1092 1551 seriori
1128 1498 1426 1568 (foramina
1462 1498 1702 1552 insecto-

68 1599 194 1632 rum
209 1577 274 1628 ad
295 1575 452 1628 basin
470 1572 672 1644 passim
705 1571 866 1624 obvia
896 1568 1123 1621 minime
1140 1582 1265 1622 sunt
1280 1571 1372 1623 via
1399 1571 1701 1636 ordinaria,

69 1668 174 1720 qua
203 1660 399 1700 natura
442 1647 509 1697 ad
536 1643 779 1716 sporidia
821 1640 1181 1712 dispergenda
1210 1641 1437 1710 utitur);
1479 1642 1704 1696 ineunte

69 1722 251 1776 hieme
281 1720 342 1771 in
377 1716 673 1789 gelatinam
697 1714 841 1769 solvi
869 1713 1129 1767 vidimus.
1213 1712 1540 1786 Superficies
1584 1734 1705 1767 sae-

71 1794 194 1867 pius
238 1794 478 1844 areolata
515 1800 607 1840 aut
634 1804 920 1857 squamosa
955 1785 1016 1838 in
1045 1783 1376 1861 majoribus,
1429 1786 1490 1838 in
1524 1784 1708 1839 mino-

72 1865 226 1918 ribus
266 1871 849 1930 verrucoso-guttata3
884 1857 977 1910 sed
1013 1878 1125 1910 non
1163 1877 1290 1909 raro
1328 1877 1553 1930 prorsus
1587 1860 1705 1911 lae-

72 1936 176 1992 vis,
249 1933 417 1988 Color
459 1933 521 1985 in
558 1931 864 1984 minoribus
910 1931 1122 2001 saepius
1165 1930 1445 2001 spadiceus
1480 1942 1570 1982 aut
1608 1949 1706 1982 ru-

72 2008 282 2060 {escens
301 2044 317 2072 ‚
350 2005 410 2057 in
437 2002 737 2078 majoribus
765 2003 1032 2054 lutescens
1071 2014 1122 2053 et
1158 2002 1498 2054 aurantiacus
1511 2040 1527 2064 ,
1548 2002 1708 2056 'sem-

75 2099 176 2152 per
206 2098 340 2132 vero
378 2077 439 2128 in
476 2078 589 2128 sole
628 2075 930 2145 expallenS‚
970 2073 1188 2125 sordide
1226 2073 1455 2134 albidus,
1496 2075 1589 2126 sed
1636 2094 1708 2127 ex

75 2149 327 2203 ‘omnibus
360 2149 447 2200 his
481 2147 772 2200 varietates
813 2144 1144 2214 distinguere
1177 2164 1288 2197 non
1316 2144 1457 2197 licet.
1529 2144 1708 2217 Pulpa

75 2220 337 2298 'juvenilis
376 2219 585 2281 albida,
628 2237 763 2270 mox
818 2236 950 2271 vero
991 2218 1409 2269 coeruleo-atra
1457 2212 1706 2287 nigrave,

81 2313 110 2345 e
147 2288 327 2345 floccis
353 2292 894 2355 albo-marmorata3
927 2288 1105 2342 adulta
1132 2288 1311 2341 floccis
1347 2288 1542 2358 griseis
1581 2309 1709 2361 spo·—

79 2364 343 2433 ‘ridiisque
384 2362 649 2415 relaxatis
688 2361 1083 2433 pulverulenta.
1183 2367 1440 2429 Frequens
1486 2361 1559 2412 ad
1600 2373 1709 2414 ter-

74 2450 210 2500 ram,
247 2436 419 2487 rarior
457 2435 530 2486 ad
562 2447 793 2497 trmzcos‚
831 2432 887 2484 in
932 2433 1171 2486 montosis
1220 2433 1467 2484 silvaticis
1498 2434 1711 2501 praeei-

76 2527 209 2576 pue5
259 2525 429 2559 versus
465 2506 856 2575 septentrionem
894 2505 950 2555 in
986 2507 1171 2559 Suecia
1213 2507 1286 2557 acl
1328 2506 1711 2572 Ostrogothiam

82 2579 367 2632 adscendit.
434 2583 479 2630 J
475 2597 558 2629 am
589 2589 785 2630 aestate
817 2578 1063 2644 occurrit,
1107 2578 1197 2631 sed
1226 2588 1466 2630 autumno
1510 2587 1712 2630 tantum

83 2661 356 2703 maturum.
394 2651 472 2718 (v.
503 2657 589 2714 v.)

218 2737 275 2802 β.
327 2731 758 2799 mam-arrhizum,
810 2730 1021 2804 peridio
1071 2730 1220 2784 laevi
1272 2731 1482 2789 sericeo
1528 2732 1713 2788 radice

83 2805 321 2859 maxima
364 2803 730 2857 ramosissima
766 2804 1059 2858 cancellato
1074 2817 1360 2857 -connata.

218 2888 373 2943 Inter
411 2888 730 2943 numerosas
765 2888 971 2960 prioris
1023 2890 1230 2944 formas
1280 2891 1413 2943 haec
1459 2890 1575 2944 sola
1620 2892 1715 2944 re-'

78 2963 364 3027 movenda,
404 2960 585 3016 radice
624 2961 741 3016 fere
780 2960 1103 3034 Mitremycae's
1159 2974 1212 3017 et
1262 2960 1475 3037 peridio
1516 2973 1712 3018 rotun-
