<?xml version="1.0" encoding="UTF-8"?>
<!DOCTYPE html PUBLIC "-//W3C//DTD XHTML 1.0 Transitional//EN"
    "http://www.w3.org/TR/xhtml1/DTD/xhtml1-transitional.dtd">
<html xmlns="http://www.w3.org/1999/xhtml" xml:lang="en" lang="en">
 <head>
  <title>
</title>
<meta http-equiv="Content-Type" content="text/html;charset=utf-8" />
  <meta name='ocr-system' content='tesseract 3.04.00' />
  <meta name='ocr-capabilities' content='ocr_page ocr_carea ocr_par ocr_line ocrx_word'/>
</head>
<body>
  <div class='ocr_page' id='page_1' title='image "./systemamycologic03frie/systemamycologic03frie_0231.png"; bbox 0 0 1887 3255; ppageno 0'>
   <div class='ocr_carea' id='block_1_1' title="bbox 553 116 1689 186">
    <p class='ocr_par' dir='ltr' id='par_1_1' title="bbox 553 116 1689 186">
     <span class='ocr_line' id='line_1_1' title="bbox 553 116 1689 186; baseline -0.004 -6"><span class='ocrx_word' id='word_1_1' title='bbox 553 116 1220 181; x_wconf 79' lang='lat' dir='ltr'>PEmSPoRlACEAE</span> <span class='ocrx_word' id='word_1_2' title='bbox 1581 131 1689 186; x_wconf 85' lang='lat'>221</span> 
     </span>
    </p>
   </div>
   <div class='ocr_carea' id='block_1_2' title="bbox 64 267 1691 409">
    <p class='ocr_par' dir='ltr' id='par_1_2' title="bbox 64 267 1691 409">
     <span class='ocr_line' id='line_1_2' title="bbox 64 267 1691 342; baseline 0.002 -19"><span class='ocrx_word' id='word_1_3' title='bbox 64 267 128 323; x_wconf 66' lang='lat' dir='ltr'>&#39;in</span> <span class='ocrx_word' id='word_1_4' title='bbox 159 277 342 320; x_wconf 86' lang='lat' dir='ltr'>centro</span> <span class='ocrx_word' id='word_1_5' title='bbox 370 267 610 332; x_wconf 80' lang='lat' dir='ltr'>collecta,</span> <span class='ocrx_word' id='word_1_6' title='bbox 639 267 837 339; x_wconf 82' lang='lat' dir='ltr'>pulpae</span> <span class='ocrx_word' id='word_1_7' title='bbox 876 267 1162 331; x_wconf 85' lang='lat' dir='ltr'>immersa,</span> <span class='ocrx_word' id='word_1_8' title='bbox 1189 267 1478 342; x_wconf 81' lang='lat' dir='ltr'>simplicia,</span> <span class='ocrx_word' id='word_1_9' title='bbox 1515 270 1691 327; x_wconf 83' lang='lat' dir='ltr'>libera</span> 
     </span>
     <span class='ocr_line' id='line_1_3' title="bbox 69 337 860 409; baseline 0.003 -19"><span class='ocrx_word' id='word_1_10' title='bbox 69 350 160 390; x_wconf 86' lang='lat' dir='ltr'>aut</span> <span class='ocrx_word' id='word_1_11' title='bbox 195 337 480 409; x_wconf 84' lang='lat' dir='ltr'>peridiolis</span> <span class='ocrx_word' id='word_1_12' title='bbox 526 339 755 392; x_wconf 84' lang='lat' dir='ltr'>inclusa.</span> <span class='ocrx_word' id='word_1_13' title='bbox 787 367 860 378; x_wconf 86' lang='lat'>·-</span> 
     </span>
    </p>
   </div>
   <div class='ocr_carea' id='block_1_3' title="bbox 10 420 1765 3060">
    <p class='ocr_par' dir='ltr' id='par_1_3' title="bbox 63 420 1765 1849">
     <span class='ocr_line' id='line_1_4' title="bbox 210 420 1692 500; baseline 0.003 -25"><span class='ocrx_word' id='word_1_14' title='bbox 210 420 658 477; x_wconf 78' lang='lat' dir='ltr'>MORPHOSIS</span> <span class='ocrx_word' id='word_1_15' title='bbox 712 423 1071 492; x_wconf 79' lang='lat' dir='ltr'>vegetationis</span> <span class='ocrx_word' id='word_1_16' title='bbox 1123 424 1239 478; x_wconf 89' lang='lat' dir='ltr'>sere</span> <span class='ocrx_word' id='word_1_17' title='bbox 1282 424 1692 500; x_wconf 84' lang='lat' dir='ltr'>Pyrenomyce-</span> 
     </span>
     <span class='ocr_line' id='line_1_5' title="bbox 69 494 1693 560; baseline 0.002 -13"><span class='ocrx_word' id='word_1_18' title='bbox 69 507 198 560; x_wconf 83' lang='lat' dir='ltr'>tum,</span> <span class='ocrx_word' id='word_1_19' title='bbox 239 496 331 548; x_wconf 90' lang='lat' dir='ltr'>sed</span> <span class='ocrx_word' id='word_1_20' title='bbox 363 496 566 547; x_wconf 88' lang='lat' dir='ltr'>thallus</span> <span class='ocrx_word' id='word_1_21' title='bbox 595 495 855 546; x_wconf 89' lang='lat' dir='ltr'>floccosus</span> <span class='ocrx_word' id='word_1_22' title='bbox 885 494 1059 547; x_wconf 88' lang='lat' dir='ltr'>libere</span> <span class='ocrx_word' id='word_1_23' title='bbox 1092 498 1336 550; x_wconf 86' lang='lat' dir='ltr'>evolutus</span> <span class='ocrx_word' id='word_1_24' title='bbox 1364 497 1426 550; x_wconf 90' lang='lat' dir='ltr'>in</span> <span class='ocrx_word' id='word_1_25' title='bbox 1462 497 1566 549; x_wconf 89' lang='lat' dir='ltr'>hoc</span> <span class='ocrx_word' id='word_1_26' title='bbox 1600 517 1693 550; x_wconf 89' lang='lat' dir='ltr'>or-</span> 
     </span>
     <span class='ocr_line' id='line_1_6' title="bbox 66 563 1693 640; baseline 0.002 -22"><span class='ocrx_word' id='word_1_27' title='bbox 66 565 194 618; x_wconf 83' lang='lat' dir='ltr'>dine</span> <span class='ocrx_word' id='word_1_28' title='bbox 232 566 569 636; x_wconf 80' lang='lat' dir='ltr'>frequentior</span> <span class='ocrx_word' id='word_1_29' title='bbox 621 577 715 621; x_wconf 85' lang='lat' dir='ltr'>est.</span> <span class='ocrx_word' id='word_1_30' title='bbox 789 563 971 634; x_wconf 81' lang='lat' dir='ltr'>Vulgo</span> <span class='ocrx_word' id='word_1_31' title='bbox 1016 585 1045 617; x_wconf 89' lang='lat' dir='ltr'>a</span> <span class='ocrx_word' id='word_1_32' title='bbox 1095 568 1274 621; x_wconf 87' lang='lat' dir='ltr'>floccis</span> <span class='ocrx_word' id='word_1_33' title='bbox 1314 568 1376 621; x_wconf 91' lang='lat' dir='ltr'>in</span> <span class='ocrx_word' id='word_1_34' title='bbox 1419 568 1693 640; x_wconf 87' lang='lat' dir='ltr'>peridium</span> 
     </span>
     <span class='ocr_line' id='line_1_7' title="bbox 66 635 1692 708; baseline 0.002 -20"><span class='ocrx_word' id='word_1_35' title='bbox 66 637 382 690; x_wconf 70' lang='lat' dir='ltr'>coeuntibus</span> <span class='ocrx_word' id='word_1_36' title='bbox 422 636 720 708; x_wconf 88' lang='lat' dir='ltr'>(peridium</span> <span class='ocrx_word' id='word_1_37' title='bbox 759 635 906 687; x_wconf 90' lang='lat' dir='ltr'>enim</span> <span class='ocrx_word' id='word_1_38' title='bbox 943 656 1238 707; x_wconf 80' lang='lat' dir='ltr'>numquam</span> <span class='ocrx_word' id='word_1_39' title='bbox 1271 660 1341 692; x_wconf 84' lang='lat' dir='ltr'>ex</span> <span class='ocrx_word' id='word_1_40' title='bbox 1385 639 1546 691; x_wconf 86' lang='lat' dir='ltr'>unica</span> <span class='ocrx_word' id='word_1_41' title='bbox 1595 660 1692 693; x_wconf 90' lang='lat' dir='ltr'>ve·-</span> 
     </span>
     <span class='ocr_line' id='line_1_8' title="bbox 67 706 1691 774; baseline 0.002 -14"><span class='ocrx_word' id='word_1_42' title='bbox 67 708 238 761; x_wconf 87' lang='lat' dir='ltr'>sicula</span> <span class='ocrx_word' id='word_1_43' title='bbox 277 708 462 760; x_wconf 87' lang='lat' dir='ltr'>inflata</span> <span class='ocrx_word' id='word_1_44' title='bbox 499 707 677 760; x_wconf 86' lang='lat' dir='ltr'>oritur</span> <span class='ocrx_word' id='word_1_45' title='bbox 724 719 784 759; x_wconf 86' lang='lat' dir='ltr'>ut</span> <span class='ocrx_word' id='word_1_46' title='bbox 814 706 875 758; x_wconf 89' lang='lat' dir='ltr'>in</span> <span class='ocrx_word' id='word_1_47' title='bbox 908 709 1223 774; x_wconf 79' lang='lat' dir='ltr'>Mucorinis‚</span> <span class='ocrx_word' id='word_1_48' title='bbox 1262 711 1392 763; x_wconf 89' lang='lat' dir='ltr'>hinc</span> <span class='ocrx_word' id='word_1_49' title='bbox 1427 729 1456 762; x_wconf 87' lang='lat' dir='ltr'>a</span> <span class='ocrx_word' id='word_1_50' title='bbox 1499 710 1691 764; x_wconf 86' lang='lat' dir='ltr'>Gaste-</span> 
     </span>
     <span class='ocr_line' id='line_1_9' title="bbox 65 777 1693 853; baseline 0.002 -21"><span class='ocrx_word' id='word_1_51' title='bbox 65 779 430 853; x_wconf 80' lang='lat' dir='ltr'>romycetibus</span> <span class='ocrx_word' id='word_1_52' title='bbox 463 778 723 844; x_wconf 85' lang='lat' dir='ltr'>exclusis)</span> <span class='ocrx_word' id='word_1_53' title='bbox 763 777 1024 831; x_wconf 84' lang='lat' dir='ltr'>discretus</span> <span class='ocrx_word' id='word_1_54' title='bbox 1057 791 1166 846; x_wconf 83' lang='lat' dir='ltr'>est3</span> <span class='ocrx_word' id='word_1_55' title='bbox 1206 782 1298 833; x_wconf 90' lang='lat' dir='ltr'>sed</span> <span class='ocrx_word' id='word_1_56' title='bbox 1350 782 1409 834; x_wconf 90' lang='lat' dir='ltr'>in</span> <span class='ocrx_word' id='word_1_57' title='bbox 1458 780 1693 835; x_wconf 87' lang='lat' dir='ltr'>Chaeto-</span> 
     </span>
     <span class='ocr_line' id='line_1_10' title="bbox 65 848 1691 924; baseline 0.002 -21"><span class='ocrx_word' id='word_1_58' title='bbox 65 851 178 903; x_wconf 91' lang='lat' dir='ltr'>mio</span> <span class='ocrx_word' id='word_1_59' title='bbox 215 862 356 903; x_wconf 90' lang='lat' dir='ltr'>totus</span> <span class='ocrx_word' id='word_1_60' title='bbox 414 849 475 902; x_wconf 93' lang='lat' dir='ltr'>in</span> <span class='ocrx_word' id='word_1_61' title='bbox 510 849 783 921; x_wconf 84' lang='lat' dir='ltr'>peridium</span> <span class='ocrx_word' id='word_1_62' title='bbox 825 848 1044 924; x_wconf 84' lang='lat' dir='ltr'>ejusque</span> <span class='ocrx_word' id='word_1_63' title='bbox 1084 851 1342 905; x_wconf 86' lang='lat' dir='ltr'>vestitum</span> <span class='ocrx_word' id='word_1_64' title='bbox 1390 853 1516 906; x_wconf 87' lang='lat' dir='ltr'>abit.</span> <span class='ocrx_word' id='word_1_65' title='bbox 1620 853 1691 907; x_wconf 90' lang='lat' dir='ltr'>ln</span> 
     </span>
     <span class='ocr_line' id='line_1_11' title="bbox 65 921 1690 995; baseline 0.003 -22"><span class='ocrx_word' id='word_1_66' title='bbox 65 921 274 974; x_wconf 85' lang='lat' dir='ltr'>ultimis</span> <span class='ocrx_word' id='word_1_67' title='bbox 311 922 601 992; x_wconf 81' lang='lat' dir='ltr'>generibus</span> <span class='ocrx_word' id='word_1_68' title='bbox 643 921 847 972; x_wconf 82' lang='lat' dir='ltr'>thallus</span> <span class='ocrx_word' id='word_1_69' title='bbox 900 921 1215 974; x_wconf 82' lang='lat' dir='ltr'>tenuissime</span> <span class='ocrx_word' id='word_1_70' title='bbox 1259 924 1690 995; x_wconf 86' lang='lat' dir='ltr'>pulverulentus,</span> 
     </span>
     <span class='ocr_line' id='line_1_12' title="bbox 63 991 1691 1065; baseline 0.004 -21"><span class='ocrx_word' id='word_1_71' title='bbox 63 991 310 1061; x_wconf 76' lang='lat' dir='ltr'>granulis</span> <span class='ocrx_word' id='word_1_72' title='bbox 336 992 395 1044; x_wconf 90' lang='lat' dir='ltr'>in</span> <span class='ocrx_word' id='word_1_73' title='bbox 430 992 704 1064; x_wconf 89' lang='lat' dir='ltr'>peridium</span> <span class='ocrx_word' id='word_1_74' title='bbox 742 991 1003 1047; x_wconf 81' lang='lat' dir='ltr'>conflatis,</span> <span class='ocrx_word' id='word_1_75' title='bbox 1070 992 1139 1045; x_wconf 84' lang='lat' dir='ltr'>ln</span> <span class='ocrx_word' id='word_1_76' title='bbox 1180 994 1368 1065; x_wconf 84' lang='lat' dir='ltr'>primis</span> <span class='ocrx_word' id='word_1_77' title='bbox 1399 996 1691 1065; x_wconf 87' lang='lat' dir='ltr'>generibus</span> 
     </span>
     <span class='ocr_line' id='line_1_13' title="bbox 65 1063 1691 1136; baseline 0.002 -20"><span class='ocrx_word' id='word_1_78' title='bbox 65 1064 220 1116; x_wconf 87' lang='lat' dir='ltr'>flocci</span> <span class='ocrx_word' id='word_1_79' title='bbox 273 1076 396 1116; x_wconf 87' lang='lat' dir='ltr'>ante</span> <span class='ocrx_word' id='word_1_80' title='bbox 443 1063 830 1117; x_wconf 81' lang='lat' dir='ltr'>formationem</span> <span class='ocrx_word' id='word_1_81' title='bbox 878 1063 1078 1136; x_wconf 85' lang='lat' dir='ltr'>peridii</span> <span class='ocrx_word' id='word_1_82' title='bbox 1129 1064 1190 1116; x_wconf 91' lang='lat' dir='ltr'>in</span> <span class='ocrx_word' id='word_1_83' title='bbox 1231 1066 1398 1118; x_wconf 86' lang='lat' dir='ltr'>fibras</span> <span class='ocrx_word' id='word_1_84' title='bbox 1436 1068 1691 1121; x_wconf 85' lang='lat' dir='ltr'>floccosas</span> 
     </span>
     <span class='ocr_line' id='line_1_14' title="bbox 67 1134 1692 1208; baseline 0.003 -21"><span class='ocrx_word' id='word_1_85' title='bbox 67 1139 294 1202; x_wconf 80' lang='lat' dir='ltr'>coe&#39;unt,</span> <span class='ocrx_word' id='word_1_86' title='bbox 333 1147 394 1187; x_wconf 88' lang='lat' dir='ltr'>ut</span> <span class='ocrx_word' id='word_1_87' title='bbox 436 1135 497 1187; x_wconf 90' lang='lat' dir='ltr'>in</span> <span class='ocrx_word' id='word_1_88' title='bbox 539 1134 796 1205; x_wconf 80' lang='lat' dir='ltr'>Agaricis</span> <span class='ocrx_word' id='word_1_89' title='bbox 838 1134 1297 1208; x_wconf 85' lang='lat' dir='ltr'>Lycoperdisque.</span> <span class='ocrx_word' id='word_1_90' title='bbox 1408 1135 1516 1190; x_wconf 81' lang='lat' dir='ltr'>Sed</span> <span class='ocrx_word' id='word_1_91' title='bbox 1557 1139 1692 1192; x_wconf 88' lang='lat' dir='ltr'>haec</span> 
     </span>
     <span class='ocr_line' id='line_1_15' title="bbox 68 1206 1694 1277; baseline 0.002 -19"><span class='ocrx_word' id='word_1_92' title='bbox 68 1207 251 1259; x_wconf 89' lang='lat' dir='ltr'>omnia</span> <span class='ocrx_word' id='word_1_93' title='bbox 287 1226 487 1277; x_wconf 86' lang='lat' dir='ltr'>genera</span> <span class='ocrx_word' id='word_1_94' title='bbox 529 1206 670 1259; x_wconf 88' lang='lat' dir='ltr'>serie</span> <span class='ocrx_word' id='word_1_95' title='bbox 709 1206 961 1277; x_wconf 85' lang='lat' dir='ltr'>contigua</span> <span class='ocrx_word' id='word_1_96' title='bbox 1008 1207 1230 1260; x_wconf 90' lang='lat' dir='ltr'>omnino</span> <span class='ocrx_word' id='word_1_97' title='bbox 1278 1208 1587 1263; x_wconf 84' lang='lat' dir='ltr'>cohaerent.</span> <span class='ocrx_word' id='word_1_98' title='bbox 1621 1241 1694 1251; x_wconf 92' lang='lat'>—-</span> 
     </span>
     <span class='ocr_line' id='line_1_16' title="bbox 66 1277 1691 1349; baseline 0.002 -19"><span class='ocrx_word' id='word_1_99' title='bbox 66 1277 308 1330; x_wconf 86' lang='lat' dir='ltr'>Interior</span> <span class='ocrx_word' id='word_1_100' title='bbox 341 1279 506 1349; x_wconf 88' lang='lat' dir='ltr'>pulpa</span> <span class='ocrx_word' id='word_1_101' title='bbox 546 1297 759 1348; x_wconf 87' lang='lat' dir='ltr'>semper</span> <span class='ocrx_word' id='word_1_102' title='bbox 811 1278 1063 1341; x_wconf 80' lang='lat' dir='ltr'>mollior,</span> <span class='ocrx_word' id='word_1_103' title='bbox 1113 1279 1546 1348; x_wconf 73' lang='lat' dir='ltr'>subgelafinosa,</span> <span class='ocrx_word' id='word_1_104' title='bbox 1597 1282 1691 1334; x_wconf 87' lang='lat' dir='ltr'>sed</span> 
     </span>
     <span class='ocr_line' id='line_1_17' title="bbox 67 1348 1694 1424; baseline 0.003 -23"><span class='ocrx_word' id='word_1_105' title='bbox 67 1350 128 1401; x_wconf 87' lang='lat' dir='ltr'>in</span> <span class='ocrx_word' id='word_1_106' title='bbox 161 1351 411 1401; x_wconf 84' lang='lat' dir='ltr'>nucleum</span> <span class='ocrx_word' id='word_1_107' title='bbox 458 1349 777 1414; x_wconf 86' lang='lat' dir='ltr'>discretum,</span> <span class='ocrx_word' id='word_1_108' title='bbox 829 1348 1330 1424; x_wconf 89' lang='lat' dir='ltr'>Pyrenomycetum</span> <span class='ocrx_word' id='word_1_109' title='bbox 1366 1371 1550 1417; x_wconf 89' lang='lat' dir='ltr'>more,</span> <span class='ocrx_word' id='word_1_110' title='bbox 1589 1353 1694 1406; x_wconf 78' lang='lat' dir='ltr'>vix</span> 
     </span>
     <span class='ocr_line' id='line_1_18' title="bbox 68 1419 1694 1495; baseline 0.002 -22"><span class='ocrx_word' id='word_1_111' title='bbox 68 1420 199 1487; x_wconf 85' lang='lat' dir='ltr'>abit,</span> <span class='ocrx_word' id='word_1_112' title='bbox 226 1439 323 1472; x_wconf 91' lang='lat' dir='ltr'>neo</span> <span class='ocrx_word' id='word_1_113' title='bbox 362 1439 509 1472; x_wconf 89' lang='lat' dir='ltr'>ascos</span> <span class='ocrx_word' id='word_1_114' title='bbox 544 1419 889 1492; x_wconf 86' lang='lat' dir='ltr'>sporidiaque</span> <span class='ocrx_word' id='word_1_115' title='bbox 927 1433 1132 1491; x_wconf 83' lang='lat' dir='ltr'>septata</span> <span class='ocrx_word' id='word_1_116' title='bbox 1176 1421 1401 1474; x_wconf 85' lang='lat' dir='ltr'>enititur</span> <span class='ocrx_word' id='word_1_117' title='bbox 1414 1443 1430 1488; x_wconf 84' lang='lat'><em>3</em></span> <span class='ocrx_word' id='word_1_118' title='bbox 1478 1423 1694 1495; x_wconf 86' lang='lat' dir='ltr'>peridio</span> 
     </span>
     <span class='ocr_line' id='line_1_19' title="bbox 70 1490 1765 1569; baseline 0.003 -25"><span class='ocrx_word' id='word_1_119' title='bbox 70 1503 256 1563; x_wconf 79' lang='lat' dir='ltr'>aperto</span> <span class='ocrx_word' id='word_1_120' title='bbox 294 1491 611 1552; x_wconf 82' lang='lat' dir='ltr'>collabitur,</span> <span class='ocrx_word' id='word_1_121' title='bbox 648 1503 703 1542; x_wconf 85' lang='lat' dir='ltr'>at</span> <span class='ocrx_word' id='word_1_122' title='bbox 739 1510 849 1542; x_wconf 84' lang='lat' dir='ltr'>non</span> <span class='ocrx_word' id='word_1_123' title='bbox 893 1492 1095 1543; x_wconf 81' lang='lat' dir='ltr'>diffluit</span> <span class='ocrx_word' id='word_1_124' title='bbox 1146 1490 1539 1563; x_wconf 79' lang='lat' dir='ltr'>Sphaeriarum</span> <span class='ocrx_word' id='word_1_125' title='bbox 1580 1493 1694 1569; x_wconf 87' lang='lat' dir='ltr'>Cy·</span> <span class='ocrx_word' id='word_1_126' title='bbox 1763 1539 1765 1541; x_wconf 80' lang='lat'>.</span> 
     </span>
     <span class='ocr_line' id='line_1_20' title="bbox 68 1562 1693 1638; baseline 0.002 -22"><span class='ocrx_word' id='word_1_127' title='bbox 68 1564 536 1635; x_wconf 85' lang='lat' dir='ltr'>tisporearumque</span> <span class='ocrx_word' id='word_1_128' title='bbox 574 1581 754 1624; x_wconf 80' lang='lat' dir='ltr'>more,</span> <span class='ocrx_word' id='word_1_129' title='bbox 793 1581 894 1614; x_wconf 90' lang='lat' dir='ltr'>nec</span> <span class='ocrx_word' id='word_1_130' title='bbox 930 1562 991 1614; x_wconf 88' lang='lat' dir='ltr'>in</span> <span class='ocrx_word' id='word_1_131' title='bbox 1042 1562 1251 1615; x_wconf 87' lang='lat' dir='ltr'>discum</span> <span class='ocrx_word' id='word_1_132' title='bbox 1287 1577 1533 1635; x_wconf 86' lang='lat' dir='ltr'>apertum</span> <span class='ocrx_word' id='word_1_133' title='bbox 1566 1587 1693 1638; x_wconf 85' lang='lat' dir='ltr'>per-</span> 
     </span>
     <span class='ocr_line' id='line_1_21' title="bbox 69 1632 1695 1707; baseline 0.002 -20"><span class='ocrx_word' id='word_1_134' title='bbox 69 1635 346 1687; x_wconf 85' lang='lat' dir='ltr'>sistentem</span> <span class='ocrx_word' id='word_1_135' title='bbox 375 1633 768 1686; x_wconf 88' lang='lat' dir='ltr'>Phaoidiorum</span> <span class='ocrx_word' id='word_1_136' title='bbox 800 1633 932 1686; x_wconf 86' lang='lat' dir='ltr'>abit.</span> <span class='ocrx_word' id='word_1_137' title='bbox 999 1632 1258 1705; x_wconf 88' lang='lat' dir='ltr'>Sporidia</span> <span class='ocrx_word' id='word_1_138' title='bbox 1300 1636 1509 1707; x_wconf 88' lang='lat' dir='ltr'>saepius</span> <span class='ocrx_word' id='word_1_139' title='bbox 1553 1638 1695 1690; x_wconf 90' lang='lat' dir='ltr'>sim—</span> 
     </span>
     <span class='ocr_line' id='line_1_22' title="bbox 67 1704 1693 1783; baseline 0.004 -27"><span class='ocrx_word' id='word_1_140' title='bbox 67 1705 261 1778; x_wconf 82' lang='lat' dir='ltr'>plicia,</span> <span class='ocrx_word' id='word_1_141' title='bbox 292 1705 354 1757; x_wconf 91' lang='lat' dir='ltr'>in</span> <span class='ocrx_word' id='word_1_142' title='bbox 390 1704 556 1778; x_wconf 86' lang='lat' dir='ltr'>pulpa</span> <span class='ocrx_word' id='word_1_143' title='bbox 585 1705 760 1758; x_wconf 83' lang='lat' dir='ltr'>libera</span> <span class='ocrx_word' id='word_1_144' title='bbox 801 1705 840 1758; x_wconf 89' lang='lat' dir='ltr'>l.</span> <span class='ocrx_word' id='word_1_145' title='bbox 880 1705 940 1758; x_wconf 90' lang='lat' dir='ltr'>in</span> <span class='ocrx_word' id='word_1_146' title='bbox 974 1705 1257 1779; x_wconf 87' lang='lat' dir='ltr'>peridiolis</span> <span class='ocrx_word' id='word_1_147' title='bbox 1290 1706 1482 1761; x_wconf 84' lang='lat' dir='ltr'>liberis</span> <span class='ocrx_word' id='word_1_148' title='bbox 1522 1708 1693 1783; x_wconf 79' lang='lat' dir='ltr'>(Ery-</span> 
     </span>
     <span class='ocr_line' id='line_1_23' title="bbox 66 1776 513 1849; baseline -0.004 -19"><span class='ocrx_word' id='word_1_149' title='bbox 66 1776 254 1849; x_wconf 84' lang='lat' dir='ltr'>sipho)</span> <span class='ocrx_word' id='word_1_150' title='bbox 287 1776 513 1829; x_wconf 78' lang='lat' dir='ltr'>inclusa.</span> 
     </span>
    </p>

    <p class='ocr_par' dir='ltr' id='par_1_4' title="bbox 10 1847 1697 3060">
     <span class='ocr_line' id='line_1_24' title="bbox 209 1847 1692 1925; baseline 0.004 -25"><span class='ocrx_word' id='word_1_151' title='bbox 209 1847 649 1906; x_wconf 58' lang='lat' dir='ltr'>AFFRNRTAS.</span> <span class='ocrx_word' id='word_1_152' title='bbox 723 1851 877 1904; x_wconf 72' lang='lat' dir='ltr'>Ordo</span> <span class='ocrx_word' id='word_1_153' title='bbox 911 1850 1373 1925; x_wconf 67' lang='lat' dir='ltr'>Pyrenomycetes</span> <span class='ocrx_word' id='word_1_154' title='bbox 1413 1864 1463 1905; x_wconf 85' lang='lat' dir='ltr'>et</span> <span class='ocrx_word' id='word_1_155' title='bbox 1501 1853 1692 1907; x_wconf 79' lang='lat' dir='ltr'>Gaste-</span> 
     </span>
     <span class='ocr_line' id='line_1_25' title="bbox 70 1922 1692 1996; baseline 0.004 -25"><span class='ocrx_word' id='word_1_156' title='bbox 70 1932 372 1992; x_wconf 77' lang='lat' dir='ltr'>romycetes</span> <span class='ocrx_word' id='word_1_157' title='bbox 403 1923 662 1974; x_wconf 70' lang='lat' dir='ltr'>senti-ales</span> <span class='ocrx_word' id='word_1_158' title='bbox 687 1924 966 1975; x_wconf 80' lang='lat' dir='ltr'>evidenter</span> <span class='ocrx_word' id='word_1_159' title='bbox 1001 1922 1350 1996; x_wconf 77' lang='lat' dir='ltr'>conjungens,</span> <span class='ocrx_word' id='word_1_160' title='bbox 1386 1924 1478 1993; x_wconf 83' lang='lat' dir='ltr'>qui</span> <span class='ocrx_word' id='word_1_161' title='bbox 1506 1945 1593 1977; x_wconf 86' lang='lat' dir='ltr'>me</span> <span class='ocrx_word' id='word_1_162' title='bbox 1625 1926 1692 1977; x_wconf 86' lang='lat' dir='ltr'>ad</span> 
     </span>
     <span class='ocr_line' id='line_1_26' title="bbox 69 1990 1694 2069; baseline 0.004 -28"><span class='ocrx_word' id='word_1_163' title='bbox 69 1991 166 2043; x_wconf 84' lang='lat' dir='ltr'>has</span> <span class='ocrx_word' id='word_1_164' title='bbox 207 1990 417 2044; x_wconf 78' lang='lat' dir='ltr'>Classes</span> <span class='ocrx_word' id='word_1_165' title='bbox 461 1991 520 2043; x_wconf 90' lang='lat' dir='ltr'>in</span> <span class='ocrx_word' id='word_1_166' title='bbox 556 1995 811 2064; x_wconf 81' lang='lat' dir='ltr'>opusculo</span> <span class='ocrx_word' id='word_1_167' title='bbox 857 1994 1129 2065; x_wconf 77' lang='lat' dir='ltr'>praesenti</span> <span class='ocrx_word' id='word_1_168' title='bbox 1167 1994 1568 2069; x_wconf 80' lang='lat' dir='ltr'>conjungendas</span> <span class='ocrx_word' id='word_1_169' title='bbox 1605 1997 1694 2060; x_wconf 78' lang='lat' dir='ltr'>in-</span> 
     </span>
     <span class='ocr_line' id='line_1_27' title="bbox 70 2063 1694 2138; baseline 0.004 -25"><span class='ocrx_word' id='word_1_170' title='bbox 70 2063 246 2128; x_wconf 74' lang='lat' dir='ltr'>duxit,</span> <span class='ocrx_word' id='word_1_171' title='bbox 279 2082 399 2114; x_wconf 91' lang='lat' dir='ltr'>cum</span> <span class='ocrx_word' id='word_1_172' title='bbox 433 2063 635 2116; x_wconf 85' lang='lat' dir='ltr'>limites</span> <span class='ocrx_word' id='word_1_173' title='bbox 669 2064 882 2116; x_wconf 81' lang='lat' dir='ltr'>strictos</span> <span class='ocrx_word' id='word_1_174' title='bbox 907 2085 1019 2117; x_wconf 89' lang='lat' dir='ltr'>non</span> <span class='ocrx_word' id='word_1_175' title='bbox 1048 2065 1361 2131; x_wconf 81' lang='lat' dir='ltr'>admittant,</span> <span class='ocrx_word' id='word_1_176' title='bbox 1390 2067 1517 2118; x_wconf 75' lang='lat' dir='ltr'>licet</span> <span class='ocrx_word' id='word_1_177' title='bbox 1543 2068 1694 2138; x_wconf 85' lang='lat' dir='ltr'>equi-</span> 
     </span>
     <span class='ocr_line' id='line_1_28' title="bbox 71 2133 1695 2205; baseline 0.005 -21"><span class='ocrx_word' id='word_1_178' title='bbox 71 2134 194 2185; x_wconf 89' lang='lat' dir='ltr'>dem</span> <span class='ocrx_word' id='word_1_179' title='bbox 226 2133 389 2185; x_wconf 89' lang='lat' dir='ltr'>etiam</span> <span class='ocrx_word' id='word_1_180' title='bbox 419 2148 476 2186; x_wconf 85' lang='lat' dir='ltr'>ut</span> <span class='ocrx_word' id='word_1_181' title='bbox 503 2148 775 2205; x_wconf 79' lang='lat' dir='ltr'>separatos</span> <span class='ocrx_word' id='word_1_182' title='bbox 811 2137 957 2188; x_wconf 81' lang='lat' dir='ltr'>haud</span> <span class='ocrx_word' id='word_1_183' title='bbox 993 2136 1201 2189; x_wconf 82' lang='lat' dir='ltr'>invitus</span> <span class='ocrx_word' id='word_1_184' title='bbox 1241 2136 1595 2192; x_wconf 82' lang='lat' dir='ltr'>considerem.</span> <span class='ocrx_word' id='word_1_185' title='bbox 1623 2171 1695 2179; x_wconf 93' lang='grc'>--</span> 
     </span>
     <span class='ocr_line' id='line_1_29' title="bbox 68 2205 1696 2278; baseline 0.005 -21"><span class='ocrx_word' id='word_1_186' title='bbox 68 2205 126 2257; x_wconf 88' lang='grc' dir='ltr'><strong>Α</strong></span> <span class='ocrx_word' id='word_1_187' title='bbox 159 2206 649 2275; x_wconf 75' lang='lat' dir='ltr'>Gasteromycetibus</span> <span class='ocrx_word' id='word_1_188' title='bbox 674 2208 982 2258; x_wconf 71' lang='lat' dir='ltr'>centralibvs</span> <span class='ocrx_word' id='word_1_189' title='bbox 998 2208 1256 2260; x_wconf 84' lang='lat' dir='ltr'>recedunt</span> <span class='ocrx_word' id='word_1_190' title='bbox 1276 2209 1696 2278; x_wconf 77' lang='lat' dir='ltr'>Perisporiaceae</span> 
     </span>
     <span class='ocr_line' id='line_1_30' title="bbox 70 2275 1694 2353; baseline 0.004 -25"><span class='ocrx_word' id='word_1_191' title='bbox 70 2275 328 2347; x_wconf 83' lang='lat' dir='ltr'>sporidiis</span> <span class='ocrx_word' id='word_1_192' title='bbox 359 2297 658 2347; x_wconf 86' lang='lat' dir='ltr'>numquam</span> <span class='ocrx_word' id='word_1_193' title='bbox 693 2279 1090 2350; x_wconf 82' lang='lat' dir='ltr'>pulverulentis</span> <span class='ocrx_word' id='word_1_194' title='bbox 1129 2292 1179 2331; x_wconf 90' lang='lat' dir='ltr'>et</span> <span class='ocrx_word' id='word_1_195' title='bbox 1223 2281 1402 2347; x_wconf 79' lang='lat' dir='ltr'>laxis,</span> <span class='ocrx_word' id='word_1_196' title='bbox 1460 2301 1529 2333; x_wconf 78' lang='lat' dir='ltr'>ex</span> <span class='ocrx_word' id='word_1_197' title='bbox 1587 2303 1694 2353; x_wconf 81' lang='lat' dir='ltr'>quo</span> 
     </span>
     <span class='ocr_line' id='line_1_31' title="bbox 69 2346 1696 2413; baseline 0.004 -13"><span class='ocrx_word' id='word_1_198' title='bbox 69 2366 201 2400; x_wconf 86' lang='lat' dir='ltr'>vero</span> <span class='ocrx_word' id='word_1_199' title='bbox 231 2346 408 2399; x_wconf 89' lang='lat' dir='ltr'>limite</span> <span class='ocrx_word' id='word_1_200' title='bbox 436 2349 746 2401; x_wconf 83' lang='lat' dir='ltr'>excluditur</span> <span class='ocrx_word' id='word_1_201' title='bbox 767 2356 1134 2413; x_wconf 57' lang='lat' dir='ltr'>*Cenoma-mnu,</span> <span class='ocrx_word' id='word_1_202' title='bbox 1175 2351 1433 2403; x_wconf 81' lang='lat' dir='ltr'>affinitate</span> <span class='ocrx_word' id='word_1_203' title='bbox 1460 2352 1565 2404; x_wconf 88' lang='lat' dir='ltr'>huc</span> <span class='ocrx_word' id='word_1_204' title='bbox 1598 2356 1696 2406; x_wconf 74' lang='lat' dir='ltr'>ab·</span> 
     </span>
     <span class='ocr_line' id='line_1_32' title="bbox 71 2419 1696 2492; baseline 0.006 -23"><span class='ocrx_word' id='word_1_205' title='bbox 71 2419 244 2470; x_wconf 86' lang='lat' dir='ltr'>solute</span> <span class='ocrx_word' id='word_1_206' title='bbox 273 2419 570 2490; x_wconf 84' lang='lat' dir='ltr'>pertinens.</span> <span class='ocrx_word' id='word_1_207' title='bbox 644 2420 1089 2492; x_wconf 79' lang='lat' dir='ltr'>Perisporiaceae</span> <span class='ocrx_word' id='word_1_208' title='bbox 1130 2442 1252 2475; x_wconf 88' lang='lat' dir='ltr'>cum</span> <span class='ocrx_word' id='word_1_209' title='bbox 1290 2423 1514 2476; x_wconf 89' lang='lat' dir='ltr'>illorum</span> <span class='ocrx_word' id='word_1_210' title='bbox 1552 2437 1696 2477; x_wconf 87' lang='lat' dir='ltr'>statu</span> 
     </span>
     <span class='ocr_line' id='line_1_33' title="bbox 72 2489 1695 2559; baseline 0.006 -19"><span class='ocrx_word' id='word_1_211' title='bbox 72 2489 386 2542; x_wconf 84' lang='lat' dir='ltr'>elementari</span> <span class='ocrx_word' id='word_1_212' title='bbox 422 2491 780 2559; x_wconf 84' lang='lat' dir='ltr'>conveniunt3</span> <span class='ocrx_word' id='word_1_213' title='bbox 825 2494 919 2545; x_wconf 88' lang='lat' dir='ltr'>sed</span> <span class='ocrx_word' id='word_1_214' title='bbox 964 2493 1022 2545; x_wconf 84' lang='lat' dir='ltr'>in</span> <span class='ocrx_word' id='word_1_215' title='bbox 1069 2493 1173 2545; x_wconf 75' lang='lat' dir='ltr'>hoc</span> <span class='ocrx_word' id='word_1_216' title='bbox 1213 2494 1467 2546; x_wconf 83' lang='lat' dir='ltr'>inferiori</span> <span class='ocrx_word' id='word_1_217' title='bbox 1503 2498 1695 2548; x_wconf 85' lang='lat' dir='ltr'>evolu-</span> 
     </span>
     <span class='ocr_line' id='line_1_34' title="bbox 70 2560 1697 2635; baseline 0.004 -24"><span class='ocrx_word' id='word_1_218' title='bbox 70 2560 235 2612; x_wconf 91' lang='lat' dir='ltr'>tionis</span> <span class='ocrx_word' id='word_1_219' title='bbox 272 2573 420 2613; x_wconf 19' lang='lat' dir='ltr'>status</span> <span class='ocrx_word' id='word_1_220' title='bbox 467 2563 784 2617; x_wconf 82' lang='lat' dir='ltr'>subsistunt.</span> <span class='ocrx_word' id='word_1_221' title='bbox 874 2568 932 2616; x_wconf 83' lang='lat' dir='ltr'><strong>A</strong></span> <span class='ocrx_word' id='word_1_222' title='bbox 978 2566 1453 2635; x_wconf 65' lang='lat' dir='ltr'>Pyrenomycetibus</span> <span class='ocrx_word' id='word_1_223' title='bbox 1502 2567 1697 2619; x_wconf 89' lang='lat' dir='ltr'>distin-</span> 
     </span>
     <span class='ocr_line' id='line_1_35' title="bbox 10 2634 1695 2701; baseline 0.007 -20"><span class='ocrx_word' id='word_1_224' title='bbox 10 2657 12 2659; x_wconf 91' lang='lat'>·</span> <span class='ocrx_word' id='word_1_225' title='bbox 69 2643 311 2701; x_wconf 84' lang='lat' dir='ltr'>guuntur</span> <span class='ocrx_word' id='word_1_226' title='bbox 344 2634 536 2686; x_wconf 82' lang='lat' dir='ltr'>nucleo</span> <span class='ocrx_word' id='word_1_227' title='bbox 565 2634 747 2688; x_wconf 85' lang='lat' dir='ltr'>minus</span> <span class='ocrx_word' id='word_1_228' title='bbox 772 2635 1019 2698; x_wconf 81' lang='lat' dir='ltr'>discreto,</span> <span class='ocrx_word' id='word_1_229' title='bbox 1039 2639 1184 2688; x_wconf 83' lang='lat' dir='ltr'>haud</span> <span class='ocrx_word' id='word_1_230' title='bbox 1216 2638 1495 2690; x_wconf 74' lang='lat' dir='ltr'>diffluente</span> <span class='ocrx_word' id='word_1_231' title='bbox 1519 2639 1554 2690; x_wconf 88' lang='lat' dir='ltr'>l.</span> <span class='ocrx_word' id='word_1_232' title='bbox 1583 2638 1695 2693; x_wconf 86' lang='lat' dir='ltr'>dis-</span> 
     </span>
     <span class='ocr_line' id='line_1_36' title="bbox 69 2702 1697 2776; baseline 0.006 -23"><span class='ocrx_word' id='word_1_233' title='bbox 69 2702 288 2766; x_wconf 89' lang='lat' dir='ltr'>coideo,</span> <span class='ocrx_word' id='word_1_234' title='bbox 356 2704 564 2756; x_wconf 82' lang='lat' dir='ltr'>defectu</span> <span class='ocrx_word' id='word_1_235' title='bbox 611 2724 883 2769; x_wconf 87' lang='lat' dir='ltr'>ascorum‚</span> <span class='ocrx_word' id='word_1_236' title='bbox 940 2708 1032 2776; x_wconf 88' lang='lat' dir='ltr'>qui</span> <span class='ocrx_word' id='word_1_237' title='bbox 1068 2707 1170 2759; x_wconf 84' lang='lat' dir='ltr'>vix</span> <span class='ocrx_word' id='word_1_238' title='bbox 1207 2727 1464 2776; x_wconf 84' lang='lat' dir='ltr'>umquam</span> <span class='ocrx_word' id='word_1_239' title='bbox 1505 2710 1697 2763; x_wconf 89' lang='lat' dir='ltr'>desunt</span> 
     </span>
     <span class='ocr_line' id='line_1_37' title="bbox 69 2772 1697 2849; baseline 0.005 -25"><span class='ocrx_word' id='word_1_240' title='bbox 69 2772 130 2824; x_wconf 91' lang='lat' dir='ltr'>in</span> <span class='ocrx_word' id='word_1_241' title='bbox 167 2773 694 2848; x_wconf 79' lang='lat' dir='ltr'>Pyrenomycetibus</span> <span class='ocrx_word' id='word_1_242' title='bbox 736 2778 1167 2849; x_wconf 86' lang='lat' dir='ltr'>superficialibus</span> <span class='ocrx_word' id='word_1_243' title='bbox 1218 2792 1270 2830; x_wconf 89' lang='lat' dir='ltr'>et</span> <span class='ocrx_word' id='word_1_244' title='bbox 1304 2779 1475 2831; x_wconf 84' lang='lat' dir='ltr'>libere</span> <span class='ocrx_word' id='word_1_245' title='bbox 1507 2783 1697 2833; x_wconf 79' lang='lat' dir='ltr'>evolu-</span> 
     </span>
     <span class='ocr_line' id='line_1_38' title="bbox 67 2843 1696 2922; baseline 0.006 -27"><span class='ocrx_word' id='word_1_246' title='bbox 67 2843 166 2907; x_wconf 87' lang='lat' dir='ltr'>tis,</span> <span class='ocrx_word' id='word_1_247' title='bbox 222 2845 407 2913; x_wconf 88' lang='lat' dir='ltr'>quales</span> <span class='ocrx_word' id='word_1_248' title='bbox 445 2866 630 2900; x_wconf 88' lang='lat' dir='ltr'>omnes</span> <span class='ocrx_word' id='word_1_249' title='bbox 667 2848 1110 2919; x_wconf 85' lang='lat' dir='ltr'>Perisporiaceae</span> <span class='ocrx_word' id='word_1_250' title='bbox 1150 2849 1255 2901; x_wconf 91' lang='lat' dir='ltr'>hoc</span> <span class='ocrx_word' id='word_1_251' title='bbox 1292 2849 1410 2922; x_wconf 85' lang='lat' dir='ltr'>ipso</span> <span class='ocrx_word' id='word_1_252' title='bbox 1451 2870 1482 2902; x_wconf 89' lang='lat' dir='ltr'>a</span> <span class='ocrx_word' id='word_1_253' title='bbox 1539 2851 1696 2916; x_wconf 66' lang='lat' dir='ltr'>Cyti-</span> 
     </span>
     <span class='ocr_line' id='line_1_39' title="bbox 67 2916 1696 2990; baseline 0.005 -24"><span class='ocrx_word' id='word_1_254' title='bbox 67 2916 276 2985; x_wconf 89' lang='lat' dir='ltr'>sporeis</span> <span class='ocrx_word' id='word_1_255' title='bbox 313 2928 371 2968; x_wconf 84' lang='lat' dir='ltr'>et</span> <span class='ocrx_word' id='word_1_256' title='bbox 397 2917 532 2969; x_wconf 87' lang='lat' dir='ltr'>ascis</span> <span class='ocrx_word' id='word_1_257' title='bbox 580 2918 847 2972; x_wconf 88' lang='lat' dir='ltr'>destitutis</span> <span class='ocrx_word' id='word_1_258' title='bbox 887 2922 925 2972; x_wconf 89' lang='lat' dir='ltr'>l.</span> <span class='ocrx_word' id='word_1_259' title='bbox 972 2921 1150 2990; x_wconf 86' lang='lat' dir='ltr'>potius</span> <span class='ocrx_word' id='word_1_260' title='bbox 1208 2921 1484 2978; x_wconf 85' lang='lat' dir='ltr'>dissolutis</span> <span class='ocrx_word' id='word_1_261' title='bbox 1532 2917 1696 2974; x_wconf 66' lang='lat' dir='ltr'>fa&#39;cile</span> 
     </span>
     <span class='ocr_line' id='line_1_40' title="bbox 67 2985 1694 3060; baseline 0.005 -22"><span class='ocrx_word' id='word_1_262' title='bbox 67 2985 300 3041; x_wconf 80' lang='lat' dir='ltr'>discreti.</span> <span class='ocrx_word' id='word_1_263' title='bbox 387 2987 441 3041; x_wconf 93' lang='lat' dir='ltr'>T</span> <span class='ocrx_word' id='word_1_264' title='bbox 444 2989 770 3058; x_wconf 83' lang='lat' dir='ltr'>uberaceae,</span> <span class='ocrx_word' id='word_1_265' title='bbox 823 2991 1238 3045; x_wconf 86' lang='lat' dir='ltr'>Nidulariaceae</span> <span class='ocrx_word' id='word_1_266' title='bbox 1294 3004 1346 3044; x_wconf 89' lang='lat' dir='ltr'>et</span> <span class='ocrx_word' id='word_1_267' title='bbox 1397 2991 1694 3060; x_wconf 84' lang='lat' dir='ltr'>Carpoboli</span> 
     </span>
    </p>
   </div>
  </div>
 </body>
</html>
