1887 3255
556 111 1194 172 GLADOSPORIUM.
1577 112 1681 162 371

201 261 368 315 Nulla
397 260 587 313 forsan
610 268 784 310 exstat
814 256 1090 327 vulgatior
1119 253 1316 325 planta,
1356 249 1481 303 inde
1519 251 1686 305 etiam

39 333 330 406 ‘plurimae
368 333 602 393 formae,
649 347 780 398 quas
817 341 1075 397 separent·
1100 324 1191 395 qui
1221 325 1422 376 iubent.
1499 321 1685 375 Facile

61 406 398 475 dignoscitur
425 399 748 475 caespitibus
789 399 969 450 densis
994 394 1522 460 maculaeformibus‚
1566 394 1683 464 pri-

58 497 148 529 mo
192 474 568 535 sub‘rotundis,
599 471 723 523 dein
761 471 1076 521 confluendo
1110 470 1218 520 late
1250 465 1460 531 effusis,
1500 467 1684 518 colore

59 549 240 620 primo
277 547 474 609 viridi,
527 561 660 596 mox
713 540 985 607 olivaceo,
1029 541 1155 592 dein
1207 538 1475 607 fuligineo
1520 537 1684 606 nigro

63 627 222 691 (pure
261 633 437 671 atrum
477 634 587 667 non
620 612 782 681 vidi).
848 611 1048 664 Fibrae
1085 631 1279 684 parum
1309 627 1550 662 ramosae
1593 620 1685 662 aut

59 688 282 743 omnino
319 687 623 759 simplices,
665 684 816 755 apice
854 695 1120 755 septatae‚
1160 682 1274 734 basi
1324 679 1684 734 fasciculatim

57 783 252 826 nexae,
292 758 619 832 pellucidae3
656 757 902 808 exoletae
932 767 1233 826 prostratae
1271 766 1322 805 et
1347 752 1686 822 fumaginem

61 834 326 886 sistenteS.
401 828 661 900 Sporidia
708 827 866 881 vario
915 827 1078 878 modo
1121 827 1181 878 in
1236 826 1479 877 ramulos
1519 844 1686 894 copu-

56 905 187 965 lata,
225 901 544 956 secedentia.
612 906 731 953 Non
756 910 972 950 tantum
1015 917 1184 950 omnes
1227 903 1394 950 caules
1451 907 1501 947 et
1546 894 1686 963 solia

56 973 440 1042 languescentia
484 984 535 1024 et
583 982 813 1023 emortua
860 971 1103 1038 infestat,
1171 971 1261 1021 sed
1302 970 1456 1019 etiam
1489 967 1686 1035 fungos

57 1048 373 1114 eoesz'oeamS,
414 1045 654 1104 cortices,
713 1043 860 1110 ligna
907 1054 1138 1093 recenter
1180 1052 1343 1106 secta,
1388 1040 1561 1090 varias
1603 1059 1686 1090 res

55 1118 359 1170 domesticas
390 1137 434 1173 e.
469 1137 508 1171 s,
542 1135 598 1186 p.
636 1134 757 1168 vere
795 1114 1179 1183 ubiquitarium.
1244 1113 1407 1178 Viget
1445 1122 1686 1162 autumno

57 1219 131 1229 —-
164 1192 296 1243 v'ere.
339 1199 415 1255 (v,
450 1196 530 1257 v.)

89 1279 144 1344 β.
207 1281 259 1329 G.
295 1275 587 1342 nigricans,
620 1271 943 1344 caespitibus
978 1270 1159 1323 densis
1189 1270 1480 1343 compactis
1507 1269 1684 1340 nigri-

204 1348 477 1404 cantibus,
525 1346 679 1397 fibris
714 1343 1075 1399 subobscuris,
1518 1360 1522 1364 ⁴

117 1435 280 1487 Byssus
322 1434 546 1485 nigricans.
605 1434 730 1475 Roth.
774 1433 808 1475 l.
851 1446 888 1475 c.
927 1447 975 1484 p,
1008 1433 1112 1476 216.
1164 1432 1326 1469 Demat.
1366 1429 1685 1479 Hippocastani.

176 1497 298 1537 Pers,
330 1497 435 1548 Syn,
464 1508 513 1546 p,
545 1492 646 1536 698.
679 1491 785 1535 Alb.
822 1499 862 1530 et
893 1491 1096 1530 Schwein.
1134 1492 1282 1541 Consp.
1309 1502 1353 1540 p.
1383 1489 1486 1535 368.

206 1560 415 1614 Habitu
448 1580 477 1611 a
507 1561 861 1631 praecedente
910 1559 1120 1618 differt,
1170 1559 1262 1609 sed
1304 1570 1464 1611 notae
1505 1571 1688 1611 acutae

62 1633 304 1703 desunt.»
336 1633 428 1685 Ad
458 1631 933 1698 corporaduriora.
975 1631 1048 1696 (v.
1089 1631 1170 1696 v.)
1555 1631 1573 1652 ‘

175 1719 303 1763 obs.
362 1721 413 1758 In
458 1718 757 1761 convallariae
806 1716 1066 1769 multfflorae
1105 1717 1218 1757 soliis
1244 1716 1465 1767 singularis
1509 1720 1687 1759 occurrit

61 1780 269 1827 plantula,
305 1789 458 1827 nempe
478 1778 681 1817 Puccim'a
719 1778 1020 1823 Convallariae
1049 1779 1214 1817 Schum.
1248 1777 1376 1818 Saell.
1409 1780 1451 1820 2,
1483 1791 1523 1826 p.
1559 1781 1682 1832 235.‚

60 1849 168 1884 quae
196 1836 403 1884 plerisque
436 1837 526 1875 sine
557 1838 683 1876 dubio
704 1848 858 1874 novum
889 1849 1019 1886 genus
1050 1843 1090 1874 et
1121 1836 1208 1872 mih
1238 1835 1346 1883 ipise
1378 1836 1448 1873 diu
1473 1848 1548 1885 pro
1575 1840 1686 1888 Spo-

62 1895 257 1933 rodesmz'i
283 1896 423 1942 specie
447 1896 586 1933 habita
612 1898 686 1933 sed
728 1894 784 1931 ita
817 1895 971 1932 sensim
1000 1895 1043 1931 iu
1088 1892 1209 1934 Clad.
1248 1893 1469 1932 herbarum
1511 1896 1686 1934 transire

60 1953 249 2001 videtur,
272 1989 274 1992 ,
294 1961 338 1990 ut
360 1966 362 1969 ’
384 1951 438 1992 de
477 1954 680 1991 limitibus
723 1952 872 1990 dubius
912 1953 1006 1995 sim,
1070 1952 1220 1990 Intime
1252 1952 1381 1990 simul
1406 1964 1592 1991 connexa
1626 1962 1686 1992 est

62 2023 155 2048 cuni
176 2010 560 2062 Helminthosporio
588 2009 851 2058 tenuissimo,
886 2010 1131 2050 Cheirantlzi
1153 2018 1232 2052 etc.
1286 2011 1381 2048 Hae
1404 2012 1563 2058 species
1592 2019 1687 2049 tan-

62 2077 148 2105 tum
179 2070 229 2105 ab
262 2062 660 2118 H'elmimhosporiis
690 2063 914 2118 recedunt,
949 2078 993 2107 ut
1026 2080 1167 2107 omnes
1194 2070 1270 2106 sub
1293 2069 1576 2117 Mam-osporii
1610 2078 1689 2119 ge-'

62 2139 163 2164 nere
191 2126 403 2174 recipiam.
467 2128 658 2166 Ceterum
698 2127 980 2174 ‘sporidiorum
1026 2124 1213 2179 formae,
1260 2127 1356 2164 huic
1395 2129 1539 2176 generi
1581 2140 1685 2167 nor-

60 2184 223 2222 maliter
257 2196 420 2232 semper
449 2189 675 2238 globosae,
706 2198 851 2233 parum
876 2185 986 2236 fi1103
1020 2198 1102 2224 non
1133 2194 1289 2223 tantum
1311 2193 1355 2222 ut
1382 2186 1426 2222 in
1458 2187 1518 2230 CI,
1545 2186 1683 2224 soluto

59 2243 171 2279 Link
194 2242 380 2280 immixta
411 2244 498 2282 vidi
522 2245 658 2283 ovalia
677 2273 690 2295 ‚
726 2247 797 2281 sed
823 2243 946 2281 etiam
969 2246 1107 2283 omnia
1137 2246 1311 2292 oblonga
1337 2256 1378 2286 v.
1409 2257 1445 2284 c.
1472 2245 1514 2282 in
1543 2257 1680 2292 specc.

60 2302 104 2338 in
155 2300 326 2352 Typha‚
360 2304 482 2340 etiam
515 2303 557 2340 in
597 2300 755 2341 Punico
800 2301 946 2340 italico
974 2303 1080 2341 natis
1110 2310 1151 2340 et
1185 2315 1207 2339 a
1242 2302 1495 2351 Mougeotio
1532 2303 1684 2346 missis.

58 2360 249 2409 Pendere
279 2359 473 2399 videntur
507 2373 530 2400 e
558 2362 745 2409 pluribus
777 2360 950 2401 coalitis.
980 2386 1037 2393 -
1073 2362 1168 2399 Non
1200 2360 1358 2408 species
1387 2361 1593 2410 distinguo
1632 2364 1684 2398 acl

58 2418 340 2469 characteres,
373 2422 447 2458 sed
475 2421 635 2468 species
665 2419 837 2458 historia
869 2417 1060 2461 diversas
1088 2419 1394 2458 characteribus
1424 2419 1683 2458 circumscri-

57 2476 158 2513 bere
187 2478 350 2519 studeo.

55 2543 108 2596 5.
210 2543 264 2594 C.
305 2554 498 2604 atrum,
539 2546 865 2616 caespitibus
906 2545 1088 2597 effusis
1115 2545 1272 2612 atris,
1303 2547 1457 2598 fibris
1482 2548 1683 2600 strictis

200 2612 352 2734 apffe
379 2615 744 2736 -spbinilexis,
792 2618 1052 2689 sporidiis
1098 2618 1466 2671 concoloribus
1503 2621 1683 2672 fusco-

204 2703 268 2754 pe
321 2705 512 2740 uenis,

115 2771 312 2820 cladosp.
339 2780 487 2815 atrum.
548 2777 659 2830 Link
692 2782 812 2831 Spec.
862 2781 898 2824 1,
927 2791 976 2829 p.
1017 2774 1092 2822 40.
1156 2780 1322 2821 Βθωὸῐ.
1360 2777 1596 2821 herbarum·
1638 2774 1678 2820 ‘5-

164 2830 386 2880 lignorum.
438 2833 543 2876 Alb,
577 2844 617 2874 et
644 2837 863 2893 Schwein,¹
890 2840 1040 2888 consp.
1071 2850 1118 2889 p.
1163 2835 1269 2882 368,
1657 2864 1665 2869 -

198 2900 552 2955 Pit-accedenti
595 2907 795 2961 similis
845 2908 1084 2980 species,
1136 2908 1228 2959 sed
1276 2906 1440 2958 latius
1492 2907 1679 2971 effusa,

55 2971 286 3051 crassior
333 2987 386 3027 et
433 2977 609 3029 colore
658 2979 914 3052 primitus
953 2990 1068 3034 atro
1119 2978 1352 3036 diversa.
1424 2976 1680 3050 Sporidia
