1887 3255
125 130 143 140 ι
159 110 268 162 470
358 171 365 184 s
754 94 1173 162 FUSARmM.

161 271 258 305 nes
291 251 348 303 in
384 247 729 301 fusiformem
775 246 942 301 abire.
1026 246 1356 300 Differentia
1406 264 1438 299 a
1483 247 1774 316 Fusisporio

165 323 232 376 ad
267 332 600 393 praesentem
640 317 1016 371 limitationem
1054 339 1081 370 e
1127 318 1459 386 vegetatione
1495 318 1682 370 innata
1721 330 1774 371 et

163 393 379 467 mycelii
413 389 573 442 liberi
611 389 819 440 defectu
854 390 1073 460 pendet,
1113 389 1205 441 sed
1238 389 1624 461 mycelium‘re
1653 389 1773 460 ipsa

166 484 360 535 genera
398 460 541 512 haud
585 472 795 531 separat
836 474 886 511 et
912 461 1068 523 facile
1116 460 1411 525 evanescit,
1461 473 1642 512 tamen
1685 461 1773 511 in-

164 539 291 589 fima
328 531 644 602 Fusisporia
677 532 778 581 situ
840 533 1042 583 omnino
1081 530 1399 598 superficiali
1444 531 1773 601 dignoscun-

166 621 273 660 tur.
313 636 382 645 —
430 602 577 655 Tam
624 602 689 654 ob
736 605 996 671 generum
1042 602 1239 654 limites
1287 602 1548 668 incertos,
1610 620 1772 670 quam

167 676 455 751 praecipue
497 674 564 725 ob
603 673 908 725 formarum
934 674 1204 725 infinitam
1232 673 1465 744 copiam,
1513 693 1541 724 e
1578 673 1772 741 quibus

168 749 297 819 quid
338 745 564 818 species,
618 744 745 814 quid
792 744 1024 796 varietas
1083 745 1226 796 haud
1283 756 1458 797 certus
1516 743 1772 805 dixerim,

168 821 339 872 obiter
391 828 602 871 tantum
660 816 817 867 citem
863 816 1064 867 formas
1122 816 1415 886 descriptas
1461 814 1771 886 primarias.

165 898 508 958 Dacrzsmyces
559 888 874 939 membrana
917 888 1110 939 floccos
1166 898 1217 937 et
1267 887 1509 957 sporidia
1564 898 1775 956 tegente

164 961 382 1015 recedit.

167 1054 214 1103 1.
309 1049 370 1098 F.
415 1042 727 1108 lateritium,
767 1041 1196 1113 hemisphaerico
1219 1072 1252 1081 —
1277 1041 1553 1104 difforme,
1589 1040 1772 1106 molle,

304 1114 901 1180 lutescente-rubrum,
936 1124 1192 1165 stromate
1227 1112 1609 1174 crassiusculo,
1650 1131 1772 1183 spo-

305 1186 465 1239 ridiis
502 1185 759 1237 curvatis.
801 1208 806 1213 ·
879 1191 924 1212 ¹*

220 1279 269 1322 F0
302 1273 451 1314 latex-it.
513 1271 651 1312 Nees!
678 1275 790 1325 Syst.
817 1284 864 1322 p.
898 1271 968 1311 31.
994 1270 1044 1319 f.
1075 1271 1148 1314 26.
1179 1272 1289 1311 Link
1334 1276 1452 1324 Spec.
1500 1270 1543 1316 2,
1581 1283 1626 1321 p.
1673 1268 1769 1311 106.

284 1331 499 1383 (sporidiis
527 1330 843 1377 crassius-culis.)

223 1396 266 1431 b.
303 1392 356 1432 F.
388 1389 704 1435 micros-porum.
763 1386 969 1428 Schlecht.
997 1390 1093 1430 Ber,
1124 1390 1166 1431 2,
1194 1401 1242 1438 p,
1277 1389 1375 1430 139.
1433 1384 1659 1439 (Sporidiis
1692 1383 1772 1421 mi·-

284 1449 391 1487 nutis
422 1448 627 1486 tenuibus.

307 1516 530 1580 Colore,
581 1513 720 1565 facie
775 1513 1115 1569 Tremellina
1160 1515 1499 1581 (Dacrymyc.
1560 1510 1770 1578 stillat.)

166 1589 328 1642 facile
365 1585 728 1656 dignoscitur,
788 1584 880 1635 sed
906 1583 1287 1653 *sporidiorum
1319 1584 1493 1633 forma
1527 1594 1638 1633 tam
1673 1599 1771 1633 va-

167 1662 251 1714 ria
299 1670 387 1717 est
415 1677 444 1709 a
497 1657 719 1726 globosa
762 1655 1148 1720 (conidiorum)
1182 1653 1243 1705 in
1275 1652 1587 1704 tenuissime
1626 1652 1770 1702 fusi-

167 1733 431 1791 formem,
467 1739 527 1778 ut
560 1726 827 1786 nesciam,
873 1744 1033 1794 quam
1070 1725 1234 1776 fidem
1269 1725 1318 1777 ei
1356 1724 1416 1776 in
1443 1723 1542 1775 hoc
1575 1741 1772 1792 genere

169 1803 424 1855 tribuam.
490 1803 556 1850 In
582 1798 740 1848 ramis
783 1797 1011 1865 dejectis.
1052 1799 1124 1859 (v.
1165 1802 1244 1863 v.)

167 1890 222 1944 2.
310 1890 370 1939 F.
447 1884 830 1948 Tremelloides,
916 1880 1348 1952 hemisphaerico
1376 1918 1402 1924 -
1437 1879 1768 1949 depressum,

312 1955 499 2022 molle,
551 1954 1115 2012 {iurando-rubrum,
1176 1964 1430 2004 stromate
1474 1950 1618 2001 haud
1663 1949 1774 2001 dis-

313 2039 484 2089 creto,
520 2026 776 2096 sporidiis
812 2024 1144 2094 longissimis
1189 2021 1471 2094 pellucidis
1517 2019 1771 2073 curvatis.

315 2118 363 2154 a.
408 2097 631 2153 Urticae,
1309 2110 1313 2113 ⁴

227 2190 477 2237 Dacrymyc.
509 2182 692 2222 Urticae.
754 2185 799 2223 S.
828 2184 895 2223 M.
919 2183 985 2223 11.
1013 2194 1060 2233 p.
1095 2181 1193 2219 231.
1215 2178 1287 2218 ubi
1313 2192 1409 2229 syn.
1432 2180 1581 2228 reliqu,
1617 2182 1773 2231 DIwg,

287 2252 329 2283 et
360 2243 497 2285 Nestl.
535 2255 622 2339 ὅτε,
651 2255 697 2287 n,
727 2239 828 2283 396.
879 2241 1095 2278 Fusarium
1116 2238 1430 2277 Tremelloides.
1466 2239 1591 2282 Grev,
1628 2241 1771 2292 Grypt.

287 2306 402 2345 Scot.
439 2307 472 2344 t.
509 2302 530 2338 l
567 2330 578 2342 .
972 2325 975 2332 ¹

318 2357 534 2410 siccum
593 2349 996 2405 maculaeformi
1025 2379 1050 2390 -
1082 2349 1391 2419 collapsum.
1481 2349 1571 2401 Ad
1607 2350 1775 2401 caules

172 2430 331 2481 siccos
374 2426 582 2479 Urticae
599 2424 868 2491 frequens.
904 2426 981 2486 (V.
1017 2422 1097 2488 Y.)
1140 2444 1143 2446 ·

316 2497 462 2551 Huic
497 2495 695 2546 accedit
731 2511 926 2560 magna
952 2492 1099 2562 copia
1125 2490 1366 2543 affinium
1385 2490 1775 2542 formationum

175 2583 276 2624 tam
316 2565 715 2639 magnitudine,
763 2582 923 2633 quam
971 2565 1149 2615 colore
1191 2562 1528 2615 diversarum
1540 2599 1558 2630 ,
1612 2561 1775 2613 etiam

287 2775 437 2814 lufella
464 2773 615 2812 cilium
641 2784 662 2809 a
692 2771 777 2809 suis
802 2771 1038 2820 generibus.
1071 2794 1128 2802 -
1157 2771 1424 2810 Achitom‘um
1445 2773 1583 2813 Kunz.
1618 2776 1669 2811 ob
1696 2784 1775 2810 ve-

290 2834 540 2882 getationem
576 2829 875 2878 superficialem
911 2832 972 2867 ad
1014 2828 1249 2877 Fusisporia
1292 2830 1430 2867 infima
1474 2829 1636 2881 juniora
1678 2844 1775 2877 pro-

285 2892 402 2928 xime
427 2889 601 2933 aceedit,
661 2887 807 2925 Obiter
837 2886 947 2936 legi,
984 2889 1057 2926 sed
1082 2887 1340 2936 *evolutionis
1367 2888 1522 2927 seriem
1547 2888 1664 2935 sequi
1694 2900 1776 2926 non

287 2949 417 2988 licuit.
