1887 3255
687 112 842 169 ΑΒΕ
849 110 1030 168 GMA'.
1553 105 1663 162 495

63 262 117 319 6.
202 265 258 314 S.
297 256 606 322 οαιιῖίησοῖα,
650 266 902 307 stromate
935 252 1114 314 nullo,
1148 249 1403 322 sporidiis
1438 250 1668 303 fascicu-

210 331 331 383 latis
370 326 810 400 subcylindriciS‚
862 326 1002 375 haud
1053 320 1332 394 apiculatis
1379 322 1668 374 sessilibus

208 401 389 454 fuscis,
468 399 629 453 Corda
663 399 696 449 l.
733 416 776 450 c,
817 407 855 449 t.
903 398 980 450 19.

212 487 304 539 Ad
344 485 579 538 Torulas
619 481 868 532 accedere
907 480 1154 546 videtur,
1194 479 1283 532 sed
1311 480 1401 548 Sp.
1439 475 1676 528 fusifor-

73 559 151 611 mi
184 558 345 611 valde
373 556 549 620 affine,
590 550 844 623 sporidiis
876 552 1051 622 opacis
1090 553 1246 604 6-8
1289 547 1502 619 septatis
1529 566 1675 598 nunc

75 629 312 692 obtusis,
351 646 494 680 nunc
526 622 832 695 cuspidatis.
901 625 990 675 Ad
1023 625 1193 675 caules
1213 623 1389 676 siccos.
1427 621 1505 686 (v.
1540 617 1632 687 ic.)

434 990 650 1046 XVIII.
709 988 1052 1043 AREGMA.
1123 987 1299 1043 FrieS.
1349 999 1354 1005 ’

223 1107 453 1162 GHAR.
523 1104 780 1178 Sporidia
798 1103 1163 1156 monilisormi
1176 1133 1201 1146 -
1217 1114 1462 1164 connata,
1499 1122 1676 1174 opaca,

68 1180 347 1256 pedicellis
405 1179 595 1232 liberis
653 1174 981 1245 longissimis
1049 1175 1336 1246 pellucidis
1406 1175 1675 1245 stipitata3

72 1273 192 1307 sero
229 1251 736 1313 tandem-discreta,
772 1247 911 1298 intus
939 1247 1162 1316 globulo
1211 1246 1458 1299 solitario
1489 1247 1680 1302 farcta.

70 1332 275 1378 Stroma
304 1324 519 1388 nullum,
564 1340 658 1371 nec
690 1318 1029 1386 sporidt'ovum
1064 1319 1293 1369 diversae
1323 1328 1536 1371 catenae
1559 1338 1684 1371 con-

69 1397 328 1464 stipantur
364 1394 419 1444 in
454 1392 780 1444 tuberculum.

216 1465 375 1518 Obs.
419 1466 469 1518 l.
527 1464 708 1517 Genus
747 1458 1036 1511 admodum
1067 1456 1442 1520 memorabile,
1480 1477 1512 1511 a
1549 1466 1686 1515 Puc-
1716 1510 1719 1515 ,

73 1537 231 1590 ciniis
271 1534 756 1588 distinctissimum.
832 1529 1126 1598 Singulum
1177 1527 1470 1582 articulum
1518 1533 1688 1602 vulgo

73 1608 342 1660 dictorum
385 1605 781 1677 sporidiorum,
825 1600 1128 1671 sporidium
1186 1598 1334 1665 dico,
1378 1620 1501 1653 cum
1533 1615 1595 1654 ut
1627 1604 1690 1656 in

72 1678 300 1748 reliquis
342 1674 764 1748 Sporodesmieis
789 1673 1004 1723 demum
1028 1682 1373 1740 separentur,
1410 1673 1550 1741 quod
1576 1694 1689 1727 non

73 1750 137 1804 in
170 1749 419 1814 Seiridio,
477 1760 714 1800 ceterum
768 1744 1007 1812 analogO,
1054 1744 1132 1798 fit.
1202 1739 1506 1815 Praecipue
1553 1764 1688 1799 vero

75 1821 351 1890 singulare
399 1832 477 1871 est
509 1818 723 1887 globulo
757 1813 1018 1885 (sporidio
1051 1813 1294 1864 solitario
1328 1814 1568 1883 interno)
1601 1817 1690 1869 in-

76 1906 162 1944 tra
192 1891 468 1960 singulum
506 1889 796 1940 articulum
834 1904 927 1937 seu
964 1883 1298 1954 sporidium,
1344 1898 1404 1937 ut
1439 1887 1692 1942 videatur

76 1964 281 2014 factum
320 1981 348 2012 e
379 1959 686 2034 sporidiolis
723 1957 1057 2026 reliquorum
1086 1955 1437 2025 conglobatis,
1498 1957 1689 2013 Facies

77 2033 317 2106 byssina.
1278 2041 1282 2044 '

223 2104 384 2157 Obs.
425 2101 478 2155 2.
551 2098 665 2154 Sub
707 2101 811 2152 hoc
855 2097 1078 2150 nomine
1123 2100 1447 2169 complector
1485 2101 1689 2173 species

76 2188 190 2229 tam
224 2194 324 2247 per
361 2171 749 2244 epidermidem
801 2170 1058 2222 arborum
1096 2182 1466 2224 emortuarum
1508 2193 1691 2225 erum-

76 2258 292 2320 pentes,
331 2263 490 2315 quam
522 2243 583 2295 in
614 2243 764 2295 foliis
807 2240 946 2293 vivis
985 2240 1186 2293 liberas
1223 2256 1516 2296 nascentes.
1563 2245 1691 2296 Inde

77 2318 329 2371 oriuntur
370 2316 550 2388 plures
586 2315 873 2379 sectiones,
928 2312 1112 2364 forsan
1154 2313 1357 2384 species
1405 2334 1566 2368 sensu
1600 2335 1690 2367 su-

76 2390 280 2461 periori
329 2408 357 2440 e
412 2387 642 2458 receptis
685 2404 819 2440 vero
865 2383 1154 2454 principiis
1196 2404 1413 2454 genera.
1453 2432 1457 2435 .
1497 2387 1692 2458 Spori-

80 2460 170 2513 dia
200 2459 357 2534 hujus
395 2478 681 2527 numquam
715 2470 776 2508 ut
816 2455 1064 2507 affinium
1098 2476 1359 2525 generum
1393 2458 1690 2523 dehiscunt,

79 2532 265 2584 forsan
309 2530 377 2583 ob
423 2530 719 2600 sporidiola
764 2527 1109 2596 conglobata3
1147 2527 1274 2579 hinc
1311 2533 1541 2595 Aregma
1572 2529 1692 2580 dixi

79 2621 250 2674 genus
288 2601 568 2672 superiUS,
615 2621 738 2653 cum
779 2597 1024 2651 omnium
1065 2598 1376 2652 vicinorum
1420 2599 1692 2670 sporidio-

81 2693 207 2726 rum
251 2682 468 2724 catenae
521 2673 685 2743 septis
737 2669 1046 2731 distinctae,
1102 2671 1246 2722 unde
1288 2671 1693 2737 Phragmidium.

78 2744 280 2796 Notum
317 2743 463 2795 enim
496 2757 575 2796 est
608 2745 699 2798 lll.-
733 2741 875 2795 Link
910 2752 962 2792 et
1001 2760 1089 2792 me
1128 2743 1314 2793 eodem
1370 2740 1528 2794 anno'
1556 2748 1694 2795 Puc-

78 2816 271 2867 cim'am
318 2825 670 2867 mucronatam
714 2813 781 2866 P.
822 2831 944 2863 cum
991 2814 1083 2866 aff.
1118 2814 1216 2865 sub
1253 2813 1338 2864 his
1386 2812 1693 2866 nominibus

79 2885 418 2946 distinxisse,
467 2904 634 2955 quare
677 2884 928 2954 deinceps
970 2883 1116 2956 ipse,
1166 2903 1235 2936 ne
1281 2903 1402 2936 meo
1445 2884 1694 2953 indulge-

79 2976 222 3021 rem,
257 2955 598 3011 Linkianum
623 2955 833 3029 recepi3
871 2955 982 3028 jam
1008 2975 1140 3011 vero
1159 2955 1306 3010 idem
1329 2954 1512 3009 latiori
1530 2975 1694 3009 sensu
