1887 3255
1621 150 1706 185 vn

46 325 50 328 -
79 281 258 351 tioni‚
295 280 403 340 sed
414 274 782 358 vegetationi
807 276 992 339 etiam
1021 286 1079 337 et
1114 277 1437 357 morphosi,
1465 279 1708 358 praeci-

18 449 21 451 .
79 420 196 479 pue
224 391 755 477 Myoeogastrium,
778 389 842 449 in
856 400 989 449 tota
1019 414 1083 449 re
1109 390 1393 450 herbaria
1417 414 1603 470 paene
1615 390 1711 449 in—

87 509 372 576 auditae,
428 527 646 564 novum
702 511 763 562 et
819 501 1050 562 clarius
1106 503 1436 585 affiilgeret
1496 504 1710 561 lumen.

156 626 419 684 Restant
430 619 634 677 adhuc
654 619 1140 699 Cryptomycetes,
1160 616 1286 678 sive
1299 617 1714 698 Hyphomyce-

91 747 184 795 tes
203 743 258 794 et
288 730 744 813 C'oniomyceteS‚
765 732 992 789 classes
1019 729 1084 788 in
1120 752 1305 788 unam
1334 727 1548 789 melius
1577 751 1718 786 con-

86 845 453 925 jungendae,
472 866 626 922 quae
640 851 799 902 certe
824 840 1074 902 minoris
1088 841 1354 901 ambitus
1371 850 1428 900 et
1437 842 1721 923 ponderis

98 970 262 1029 sunt,
288 980 471 1037 quam
483 958 665 1034 vulgo
683 953 955 1014 creditur
975 953 1214 1033 ipseque
1240 955 1306 1014 in
1338 955 1529 1035 operis
1557 955 1724 1014 limi-

100 1097 172 1134 ne
209 1071 486 1133 assumsi.
587 1068 1051 1149 Ouanzplm·ima
1096 1091 1300 1129 eorum
1338 1092 1596 1149 genera,
1647 1095 1728 1131 ex

105 1185 254 1245 meis
294 1181 841 1255 observationibus,
890 1190 1092 1242 status
1135 1193 1379 1243 tantum
1414 1194 1555 1243 sunt
1589 1209 1727 1266 per—

92 1298 430 1377 fectiorum
473 1301 821 1376 fungorum
876 1301 1262 1358 elementares
1307 1298 1574 1360 abortivi
1619 1306 1731 1357 aut

108 1413 363 1472 thallini
414 1409 670 1470 steriles,
804 1411 1088 1471 Omnium
1124 1412 1458 1492 specierum
1517 1415 1733 1493 Hypo—

111 1523 495 1598 dermiorum,
532 1546 687 1600 quae
730 1519 875 1583 sunt
920 1526 1098 1603 quasi
1137 1528 1199 1586 V
1194 1525 1528 1586 ariolariae
1555 1528 1734 1607 plan—

113 1649 322 1697 tarum
344 1637 794 1716 perfectiorum,
827 1638 1404 1719 Phylleriacearum‚
1443 1663 1582 1698 cum
1611 1638 1737 1698 Isi—

117 1751 240 1810 diis
284 1750 352 1809 in
397 1749 764 1810 Lichenibus
809 1754 1402 1831 comparandarum,
1443 1751 1740 1811 aliorum—

120 1887 230 1941 que
266 1884 557 1941 generum
614 1885 651 1919 a
705 1859 962 1920 matrice
1031 1871 1278 1921 tantum
1326 1860 1740 1941 pendentium,

121 1974 466 2053 singularis
516 1971 840 2052 descriptio
898 1982 957 2031 et
1021 1976 1422 2035 denominatio
1465 1975 1747 2036 mortali-

125 2101 226 2146 um
281 2083 678 2162 diligentiam
737 2093 798 2143 et
851 2084 1160 2144 hominum
1200 2087 1557 2148 memoriam
1593 2090 1752 2166 frum

126 2192 428 2262 strantur.v
496 2195 797 2274 Equidem
842 2200 1115 2259 methodo
1161 2198 1748 2283 physiologico—pa-

32 2371 41 2373 -
118 2308 439 2389 'thologica
507 2307 572 2366 in
628 2307 728 2367 liis
779 2309 1130 2369 tractandis
1186 2310 1483 2373 scientiae
1541 2337 1751 2374 verum

111 2428 311 2506 finem
349 2422 556 2503 magis
597 2420 820 2502 respici
875 2431 936 2481 et
991 2411 1330 2503 promoveri
1373 2427 1751 2488 crediderim.

132 2539 311 2600 Licet
347 2545 576 2603 autem,
617 2545 687 2593 ut
724 2534 982 2614 ingenue
1020 2539 1335 2618 profitear,
1365 2565 1496 2602 mea
1539 2545 1756 2602 harum

131 2653 484 2733 plantarum
520 2646 787 2728 cognitio
851 2649 1055 2710 adhuc
1098 2674 1327 2716 aurora
1371 2666 1618 2718 tantum
1660 2657 1758 2716 in-

136 2761 390 2824 radiata
429 2762 551 2832 sit,
607 2760 1028 2842 praesentibus
1089 2766 1250 2852 enim
1298 2770 1762 2850 perfectioribus

76 2954 78 2957 .
132 2875 356 2956 fungis
398 2878 689 2952 majorem
729 2871 825 2932 his
847 2878 1076 2958 semper
1098 2877 1308 2940 dicavi
1330 2883 1759 2958 attentionem;

144 2992 345 3050 altera
401 2997 608 3048 tamen
655 2987 839 3064 hujus
895 2987 1226 3050 voluminis
1278 2994 1460 3054 sectio
1479 3039 1498 3066 ,
1563 3007 1764 3057 certas
