1887 3255
187 147 295 200 454
731 128 1275 211 seemsolleM.

188 292 239 346 l.
336 293 404 343 D.
444 291 617 358 pulla,
655 290 883 343 maculis
918 293 1099 346 effusis
1146 294 1589 365 griseo-nigris,
1628 295 1806 368 Spori-

191 362 297 415 diis
324 359 636 435 majusculis
670 362 843 430 nigris
879 363 1118 416 olivaceo
1144 402 1170 410 -
1192 367 1494 436 pellucidis.

334 449 480 501 Tam
513 459 736 498 externe
765 447 824 499 in
847 449 1084 501 caulibus
1107 451 1420 517 herbarum,
1461 472 1621 522 quam
1647 472 1803 525 prae-

191 520 346 590 cipue
389 519 448 570 in
491 518 728 569 medulla
783 522 1226 589 putrescentiumv
1261 524 1803 588 observanturynudo

193 592 347 644 oculo
385 589 627 641 maculae
648 602 860 653 tenues,
899 591 1004 642 late
1041 612 1329 663 expansae,
1369 594 1801 664 griseo-nigrae,

192 682 325 733 quae
367 661 465 713 sub
504 660 655 711 micr.
702 679 875 731 comp.
930 662 1194 716 formatae
1242 665 1499 718 videntur
1554 686 1581 718 e
1621 667 1803 718 floccis

189 732 406 788 tenellis
442 731 673 783 ramosis
705 731 1013 785 intertextis
1046 736 1262 806 septatis
1289 736 1594 807 pellucidis„
1667 740 1800 807 Spo-

188 805 329 859 ridia
375 803 522 856 infra
560 802 658 854 hos
710 802 769 854 in
825 806 1234 876 parenchymate
1276 808 1594 860 nidulantur
1629 807 1804 878 maju-

189 877 362 941 scula,
396 874 613 944 globosa
652 874 838 943 nigra,
893 876 983 927 sed
1026 878 1615 950 olivaceo-fpellucida.
1685 880 1804 931 Ex-

188 960 342 1000 terne
377 945 612 997 caulibus
651 947 942 999 adnascens
984 948 1372 1018 epidermidem
1397 951 1561 1004 solvit
1603 962 1653 1001 et
1681 969 1803 1021 spo-

188 1020 330 1072 ridia
372 1016 513 1087 gerit
540 1016 598 1067 in
631 1019 897 1068 maculam
938 1031 1107 1069 atram
1146 1033 1472 1074 coacervata.
1533 1028 1598 1075 In
1641 1021 1802 1072 cauli-

190 1093 278 1143 bus
313 1088 578 1152 enzortui83
631 1088 872 1156 frequens
919 1089 974 1139 in
1009 1091 1265 1141 Heracleo
1306 1092 1645 1163 Sphendylio,
1708 1111 1803 1143 au-

188 1175 374 1214 tumno.
422 1163 496 1226 (V.
532 1163 614 1227 V.)

187 1250 240 1300 2,
336 1251 403 1298 D.
444 1243 615 1310 flava,
654 1243 878 1294 maculis
918 1243 1284 1298 determinatis
1322 1246 1509 1309 flavis,
1544 1244 1801 1318 sporidiis

329 1315 568 1367 minimis
610 1314 826 1384 pallidis
860 1314 1079 1387 hyalino
1101 1317 1447 1387 -pellucidiS.
1702 1336 1705 1338 ’

330 1401 575 1453 Maculae
613 1399 901 1461 rotundae,
936 1401 1098 1452 2-5
1129 1402 1223 1455 lin.
1257 1403 1425 1462 latae,
1467 1401 1535 1453 ob
1581 1400 1802 1451 colorem

189 1475 326 1526 laete
384 1475 587 1524 flavum
640 1483 690 1521 et
741 1472 932 1523 floccos
995 1472 1358 1546 evidegltiores
1412 1471 1585 1542 magis
1643 1488 1804 1539 quam

191 1545 393 1617 prioris
438 1543 496 1595 in
561 1544 744 1594 oculos
808 1541 1162 1596 incurrentes,
1254 1544 1507 1616 Sporidia
1556 1540 1801 1604 minima,

191 1619 334 1669 nudo
387 1616 540 1666 oculo
599 1613 739 1663 haud
798 1613 1173 1674 discernenda,
1227 1619 1324 1666 sub
1379 1617 1531 1666 micr.
1590 1630 1824 1682 prorsus

189 1687 487 1761 pellucida‚
526 1683 806 1734 decoloria.
886 1690 1005 1737 Cum
1038 1686 1232 1751 priori,
1272 1697 1526 1737 autumno,
1568 1686 1644 1746 (V.
1679 1687 1759 1746 v.)

308 1790 345 1828 Ο
364 1790 443 1828 ὗε.
490 1784 888 1823 ‘ARTHRINIUM
919 1796 973 1824 ex
1003 1787 1145 1824 habitu
1179 1784 1302 1838 hujus
1326 1787 1409 1826 loci
1439 1768 1572 1838 essei,
1605 1784 1679 1822 secl
1709 1793 1806 1830 spo-

191 1846 296 1887 ridia
326 1859 350 1887 e
377 1842 516 1884 floccis
549 1851 670 1881 enata
700 1842 812 1895 vidi3
849 1845 994 1882 adsunt
1023 1845 1148 1893 igitur
1181 1845 1302 1884 flocci
1329 1842 1581 1894 sporidiiferi
1614 1840 1723 1882 veti.

490 2198 560 2249 X.
639 2190 1189 2248 SPORISORIUM.
1261 2191 1505 2247 Ehrenb.

250 2313 360 2354 Link
384 2315 504 2365 Spec.
535 2314 577 2355 2.
601 2324 649 2363 p.
676 2309 748 2355 86,

333 2395 564 2450 CHAR.
650 2393 902 2465 Sporidia
955 2393 1052 2445 sub
1107 2392 1438 2464 epidermide
1493 2390 1801 2460 plantarum
1844 2454 1849 2461 ,.

189 2470 447 2525 vivarum
493 2477 830 2526 coacervata,
873 2464 1229 2535 erumpentia,
1278 2461 1573 2534 simplicia,
1623 2461 1803 2515 floccis

190 2542 371 2616 paucis
411 2536 738 2591 intertextis.
1235 2607 1241 2611 .
1503 2601 1516 2613 Χ.

336 2611 491 2664 obs.
571 2607 810 2660 Ultimus
872 2604 1093 2656 tandem
1160 2605 1343 2657 radius
1409 2604 1802 2676 Hyphomyce-

191 2696 306 2736 tum
366 2698 557 2735 versus
611 2679 980 2746 Goniomycetes
1023 2687 1073 2726 et
1127 2676 1280 2743 quasi
1339 2679 1572 2742 Ustilago
1619 2673 1799 2725 floccis

190 2766 362 2807 aucta.
452 2748 712 2822 Sporidia
776 2746 917 2798 enim
982 2745 1288 2798 Uredinum
1336 2762 1492 2798 more
1545 2746 1603 2796 in
1656 2743 1796 2795 soris

192 2835 515 2887 coacervata,
543 2820 684 2871 unde
715 2836 930 2870 nomen.
1006 2817 1185 2869 Affine
1224 2830 1274 2869 et
1329 2817 1509 2869 simile
1548 2814 1800 2867 Tuburci-

189 2896 327 2962 niae,
373 2893 464 2945 sed
507 2889 668 2965 hujus
714 2907 906 2959 sperae
953 2887 1201 2940 distincta
1227 2889 1501 2941 continent
1546 2884 1796 2957 Sporidia.

192 2995 239 3044 l.
325 2984 852 3044 SPORlSORlUM
887 2986 1091 3050 Sorghi.
1129 2987 1164 3039 l.
1204 3006 1247 3039 c.
