1887 3255
630 101 1210 182 MYXOGASTRES
1647 131 1723 184 π

37 298 40 303 ’
99 265 373 338 ponium&
409 285 534 320 cum
567 266 809 336 ‘reliquas
845 272 1178 326 differentias
1214 272 1551 327 determinet.
1611 278 1723 326 Ae-

98 338 291 390 thalim'
324 339 390 390 ab
429 340 678 391 omnibus
717 359 778 394 eo
816 345 1100 406 recedunt,
1142 345 1280 414 quod
1311 344 1509 395 thallus
1546 346 1722 396 muci-

98 410 375 480 laginosus
408 410 467 463 in
503 411 741 475 unicum,
777 414 930 482 quasi
965 435 1262 479 commune,
1302 416 1414 468 abit
1447 415 1722 484 peridium

101 494 154 534 et
189 482 295 535 hoc
335 494 578 554 respestu
615 483 1045 557 Lycoperdineis
1092 489 1366 540 accedunt.
1453 486 1513 539 Si
1564 505 1722 537 accu-

99 553 270 606 ratius
321 555 730 617 examinantur,
777 557 1062 628 praecipue
1110 559 1168 610 in
1224 571 1366 611 statu
1456 556 1720 618 rimitivo‚

99 623 261 677 facile
295 627 581 697 plerosque
619 628 941 699 compositos
978 629 1338 682 inveniamus.
1449 648 1575 700 psae
1610 628 1722 681 Re-

99 698 382 750 ticulariae
420 717 474 752 V.
517 719 558 751 c.
597 704 668 754 R.
706 700 972 762 maxima,
1015 713 1131 752 atra
1169 714 1260 757 etc.
1308 701 1590 773 superficie
1634 713 1723 752 tu-

97 769 380 823 berculosa
414 768 476 820 in
513 782 654 822 statu
691 771 973 842 primitivo
1012 771 1202 824 Liceas
1254 774 1527 833 referunt,
1566 771 1724 841 qnasi

101 862 130 894 e
166 841 412 913 pluribus
449 842 674 914 peridiis
709 844 950 895 connatis
984 845 1324 915 compositae.
1397 844 1722 897 Evidentius

98 913 203 965 hoc
236 914 297 964 fit
331 915 392 966 in
428 915 704 984 Spmnarz'a
738 915 1032 987 (peridiola
1068 917 1182 968 fere
1209 929 1268 968 ut
1299 917 1597 986 Polysacco
1635 914 1726 967 in-

100 985 371 1060 cludente)
414 999 464 1039 et
499 986 766 1052 Aetkahb,
806 988 1063 1042 celluloso
1105 989 1170 1039 ad
1221 989 1442 1040 modum
1479 986 1725 1057 Elapho-

98 1056 294 1130 myciS.
379 1061 647 1129 Lycogala
696 1059 756 1111 in
798 1058 898 1111 hac
949 1059 1180 1112 sectione
1236 1061 1508 1112 abnorme.
1597 1057 1723 1126 Quo

99 1127 330 1182 inferius
366 1143 604 1183 ceterum
639 1132 704 1182 ab
732 1131 1044 1184 Aethalinis
1084 1132 1475 1193 descendimus.
1505 1148 1566 1182 eo
1604 1147 1726 1181 ma-

99 1200 184 1271 gis
211 1202 491 1255 subitanea
531 1201 872 1274 peridiorum
900 1223 926 1254 e
956 1203 1128 1256 thallo
1173 1203 1428 1256 evolutio,
1482 1232 1553 1244 —-
1609 1199 1727 1254 Ca-

98 1271 364 1345 pinitium
398 1275 600 1328 multos
643 1275 950 1346 praeclaros
983 1276 1141 1327 offert
1179 1276 1544 1333 characteres,
1583 1290 1636 1325 at
1672 1271 1726 1325 ei

99 1363 212 1399 non
239 1366 392 1399 coece
418 1346 823 1398 inhaerendum.
862 1345 1073 1398 Floccis
1100 1347 1278 1419 typice
1303 1342 1727 1414 Trichospermi

100 1437 379 1487 nunquam
394 1422 602 1482 ὀανεητς
633 1431 685 1470 at
701 1418 761 1470 in
780 1416 928 1470 omni
957 1417 1191 1470 sectione
1210 1418 1435 1470 subinde
1458 1418 1726 1488 dejiciunt.

100 1491 148 1544 E
180 1490 469 1561 generibus
491 1490 739 1558 Didyrniz',
770 1489 1114 1550 Didermatis,
1149 1490 1373 1560 Physari
1401 1500 1496 1543 etc.
1521 1489 1727 1561 species

100 1562 280 1615 floccis
321 1579 551 1632 prorsus
611 1560 900 1612 latentibus
968 1572 1155 1613 contra
1232 1574 1459 1612 naturae
1521 1559 1727 1612 indicia

101 1632 392 1686 excludere
426 1649 538 1684 non
574 1631 744 1684 licuit.
808 1632 994 1701 Quare
1033 1631 1094 1684 in
1130 1631 1576 1715 Lignyospermis
1608 1651 1727 1684 ma-

101 1705 185 1776 gis
229 1704 499 1757 abortiens
538 1702 625 1766 sit,
662 1716 774 1756 tam
809 1703 869 1755 in
906 1704 1196 1774 generibus
1243 1704 1434 1765 enatis,
1463 1723 1626 1773 quam
1668 1703 1733 1756 in.

102 1776 414 1848 Spumaria,
443 1775 552 1828 suis
593 1775 728 1828 locis
772 1776 1045 1848 explicare
1085 1776 1337 1830 conabor.
1408 1774 1548 1828 Heio
1597 1793 1732 1829 vero

102 1850 299 1902 addere
338 1849 509 1921 placet
540 1848 896 1900 corollarium
925 1848 1224 1899 multarum
1267 1846 1727 1900 observationum.

101 1920 356 1973 Vidimus
387 1939 581 1990 nempe
612 1920 673 1971 in
708 1920 894 1972 eadem
923 1918 1100 1991 specie
1124 1919 1447 1989 capillitium
1469 1918 1732 1970 ineadem

102 1992 280 2064 specie
316 1991 642 2061 capillitium
679 2010 708 2042 e
755 1990 968 2043 diversa
1010 1990 1152 2042 aeris
1191 2002 1556 2062 temperatura
1606 1990 1731 2060 plus

101 2063 286 2116 minus
322 2062 669 2133 explicatum.
741 2061 834 2116 Sic
876 2074 1073 2114 aestate
1110 2063 1284 2113 multo
1327 2061 1500 2131 magis
1547 2061 1732 2114 evolu-

103 2147 220 2188 tum
251 2134 312 2186 in
353 2134 575 2188 Reticul.
623 2145 762 2200 atra,
794 2134 1028 2185 umbrina
1079 2145 1206 2198 etc,
1260 2153 1421 2203 quam
1470 2144 1730 2184 autumno

103 2205 313 2260 seriori.
385 2205 546 2274 Quod
568 2205 629 2256 -si
650 2206 716 2256 ad
740 2225 941 2275 genera
978 2204 1241 2275 capillitio
1273 2206 1427 2257 nullo
1453 2216 1543 2256 aut
1570 2203 1734 2256 valde

103 2297 232 2331 raro
265 2276 540 2332 variantia
583 2276 957 2343 extendimUS,
1013 2277 1318 2330 videbimus
1367 2295 1580 2348 semper
1615 2274 1737 2326 fere

103 2350 233 2403 istas
294 2349 496 2421 species
545 2369 598 2405 v.
656 2369 700 2402 c.
802 2349 1015 2401 Liceam
1075 2348 1318 2418 pusillam
1374 2348 1519 2399 inter
1566 2346 1736 2420 Phy-

105 2440 249 2488 sara,
278 2423 561 2491 Phys-sarum
586 2421 790 2491 piceum
811 2432 906 2477 etc.
931 2421 1196 2473 serotinas
1229 2439 1373 2485 esse,
1403 2419 1572 2471 immo
1603 2421 1734 2470 bru-

105 2494 296 2545 maleS.
348 2494 416 2546 ln
446 2492 913 2566 Myxogastribus7
957 2491 1213 2564 sporidiis
1255 2512 1367 2543 non
1405 2489 1732 2560 fuliginosiS,

106 2563 285 2637 major
309 2564 563 2635 capillitii
598 2565 701 2627 vis,
737 2576 797 2616 ut
838 2583 908 2615 ex
950 2564 1070 2625 hoc,
1107 2562 1481 2635 praesentibus
1512 2560 1734 2634 paucio-

107 2635 260 2687 ribus
299 2636 500 2707 peridii
539 2635 892 2697 differentiiS,
943 2654 1132 2688 eorum
1181 2654 1380 2705 genera
1431 2632 1736 2702 distingua-

107 2725 262 2771 mus;
303 2708 487 2778 palam
529 2720 711 2760 tamen
741 2718 837 2773 est,
877 2705 1242 2760 Perichaenas
1269 2704 1514 2758 Trichiis
1549 2703 1736 2774 Arcy-

108 2777 314 2847 riisque
352 2778 524 2847 magis
558 2799 675 2832 esse
714 2778 996 2836 serotinas.
1070 2778 1316 2831 Tantum
1356 2777 1414 2828 in
1454 2776 1556 2826 hac
1592 2774 1733 2825 serie

106 2849 312 2920 species
345 2849 526 2902 floccis
572 2851 852 2903 destitutas
888 2869 1087 2919 genere
1126 2849 1360 2919 (Licea)
1400 2846 1735 2915 distinguere

108 2920 282 2973 licuit.
368 2921 573 2974 Verum
607 2922 771 2974 etiam
806 2921 894 2974 his
925 2921 1128 2983 inesse,
1171 2932 1367 2972 aestate
1404 2919 1443 2972 l.
1479 2918 1612 2970 locis
1647 2934 1736 2966 ca-

109 2991 408 3057 lidissimis,
439 2994 751 3047 facultatem
789 2994 981 3049 floccos
1010 2992 1249 3046 enitendi
1280 3000 1563 3059 testantur,
1593 2988 1738 3040 inter
