1887 3255
724 119 1130 175 mmmmm
1491 97 1500 108 ”
1627 120 1733 174 125

106 262 200 318 24.
236 264 312 316 D.
341 263 733 331 complanatum,
756 262 1040 332 applanato
1059 290 1085 304 -
1103 259 1310 327 sessile,
1343 258 1576 326 varium,
1601 260 1734 313 aim-

251 333 399 404 plex‚
422 333 647 407 peridiis
677 333 1102 386 membranaceis
1140 331 1733 385 coerulescente-cine-

253 407 391 466 reiS,
444 400 733 457 columella
781 403 1032 475 depressa
1091 401 1732 462 rufescente-ochracea,

256 475 515 547 sporidiis
552 470 863 546 *fuliginoso
878 504 903 515 -
916 475 1068 529 atris·

167 564 226 607 D.
258 573 412 613 compr.
470 563 650 608 SchracL
682 563 716 610 l,
740 576 778 607 e.
797 577 849 618 p.
887 559 962 607 24.
1001 569 1033 609 ί,
1063 561 1106 608 5.
1136 563 1184 614 f.
1227 561 1270 603 5.
1323 562 1538 604 niderma.
1614 563 1730 599 Pers.

217 635 312 677 syn.
338 635 386 674 p.
420 622 522 664 168.

295 690 530 744 Videtur
566 686 744 760 priori
777 687 1068 743 admodum
1096 689 1270 748 affine,
1300 685 1618 739 columellae
1643 704 1736 736 co·-

110 761 233 815 lore
283 760 611 816 distinctu-m.
710 758 1064 831 Gregarium,
1118 778 1262 811 nunc
1323 757 1734 820 subrotundum‚

110 851 258 886 nunc
286 843 525 898 ovatum,
561 850 706 883 nunc
739 832 1046 886 flexuosum
1068 843 1166 886 etc,
1224 828 1433 882 Peridii
1461 827 1736 880 membra-

109 922 183 956 na
219 904 473 976 simplex,
509 902 717 969 tenuis,
761 904 957 956 nitoris
1005 922 1218 975 expers,
1255 900 1315 952 in
1353 899 1612 951 frustulas
1645 897 1735 950 in-

112 976 364 1045 aequales
390 973 693 1036 dissilienS,
730 975 911 1028 floccis
945 974 1176 1027 adnatis.
1251 970 1554 1025 Columella
1604 989 1735 1022 con-

110 1045 321 1100 formis,
397 1051 465 1099 In
477 1045 673 1115 jolite,
723 1058 830 1100 aut.
870 1049 949 1113 (v.
983 1047 1072 1118 ic.)

235 1135 363 1175 obs.
407 1134 463 1176 D,
493 1153 554 1163 -—-
571 1155 630 1163 —
655 1132 819 1187 sessile,
852 1136 1096 1188 globosum,
1121 1145 1336 1186 sparsum,
1370 1127 1736 1181 glauco-pruino-

110 1205 220 1245 sum,
251 1193 466 1233 columella
489 1191 716 1241 cylindrica
748 1195 858 1246 alba,
885 1192 1077 1241 sporidiis
1113 1193 1226 1237 atris,
1291 1194 1345 1229 In
1373 1186 1609 1240 stipitibus,
1633 1184 1737 1234 fili-

113 1251 229 1291 cibus
257 1258 298 1289 et
322 1248 543 1289 demortuis
572 1273 631 1281 -
656 1249 701 1287 in
730 1259 834 1289 statu
860 1252 1043 1298 perfecto
1056 1280 1073 1302 ,
1103 1262 1199 1288 cum
1229 1248 1449 1301 similibus,
1483 1247 1535 1284 ad
1560 1244 1738 1294 stipitata

111 1309 341 1367 pertinere,
362 1310 560 1348 suadente
588 1307 793 1360 analogia,
834 1309 945 1347 haud
968 1308 1074 1347 levis
1103 1316 1165 1347 est
1203 1306 1396 1357 suspicio.

533 1490 733 1546 Trib.
773 1490 875 1544 IV.
950 1489 1309 1546 ADNATA.

256 1588 488 1646 GHAR.
550 1588 860 1643 Columella
886 1590 1058 1641 nulla.
1127 1589 1352 1642 Peridia
1384 1589 1597 1658 adnata,
1619 1591 1740 1646 basi

115 1662 422 1736 applanata.
510 1662 783 1715 Transitus
819 1662 892 1713 ad
929 1662 1182 1731 Physara,
1219 1663 1311 1714 sed
1344 1675 1527 1715 cortex·
1542 1663 1741 1734 furfu-

113 1754 293 1789 raceus
341 1745 390 1786 et
432 1733 639 1786 habitus
684 1744 874 1785 exacte
917 1733 1143 1800 generis,
1228 1738 1416 1786 Forma
1446 1737 1737 1790 variabilis·

114 1806 262 1878 (Did.
298 1805 636 1858 farinaceum
678 1804 728 1855 b.
767 1804 883 1856 vide
918 1810 1119 1875 supra.)

110 1907 199 1965 25.
263 1911 337 1962 D.
377 1905 742 1977 Physaroz'deS,
798 1902 1025 1978 peridiis
1065 1905 1321 1959 consertis
1366 1906 1698 1959 subrotundo
1715 1933 1743 1946 -

257 1978 653 2048 irregularibus
695 1976 870 2047 nigris
891 2015 906 2039 ,
946 1975 1516 2049 albido-ptilveraceis
1528 2016 1544 2040 ,
1591 1978 1742 2030 colu-

257 2051 426 2102 mella
453 2050 623 2113 nulla,
649 2048 906 2121 sporidiis
935 2048 1270 2119 conglobatis
1293 2048 1741 2118 nigrescentibus,

172 2152 395 2203 Sputum-ia
412 2148 710 2202 Physaroides.
750 2153 868 2189 Pers.
891 2162 982 2204 syn,
1003 2162 1054 2202 p.
1083 2150 1183 2194 163.
1214 2152 1274 2195 A.
1296 2152 1341 2189 S.
1367 2162 1415 2201 p,
1437 2149 1507 2190 87.
1533 2153 1696 2190 Swartz
1712 2146 1735 2192 l

224 2209 272 2249 in
318 2214 417 2250 Vct.
459 2211 540 2248 Ac.
576 2207 743 2251 Handl.
779 2207 911 2250 1815.
946 2221 993 2260 p.
1037 2209 1136 2251 107.
1177 2205 1232 2259 (a
1271 2209 1498 2249 Persoonio
1543 2206 1732 2261 habuit.)

220 2268 394 2320 Didym,
420 2267 716 2319 Physaroides.
779 2266 901 2307 Fries
929 2264 1070 2322 Symb.
1107 2267 1229 2313 Gast.
1254 2280 1304 2319 p.
1340 2268 1413 2310 21.

256 2352 525 2405 Diderma
547 2350 930 2424 Physarumve
962 2364 1293 2424 corruptum,
1320 2370 1539 2403 mucore
1571 2351 1739 2418 (albi-

114 2423 184 2477 ‹lo
236 2423 470 2494 (cortice
507 2422 710 2475 scilicet
744 2422 805 2474 in
853 2422 1137 2494 pulverem
1167 2422 1496 2493 grassiorem
1520 2424 1738 2494 soluto)

115 2494 407 2548 obductum
462 2493 638 2546 obiter
688 2493 990 2566 inspectum
1025 2494 1318 2560 mentitur,
1368 2495 1459 2546 sed
1513 2495 1739 2565 pulvere

116 2566 357 2619 absterso
387 2567 426 2623 l.
460 2565 670 2618 difflato
700 2565 914 2638 peridia
938 2567 1116 2618 lucem
1144 2567 1392 2631 subeunt,
1417 2566 1570 2619 varie
1601 2585 1740 2617 con-

113 2637 337 2690 fluentia
377 2637 554 2706 nigra,
591 2637 822 2690 cuticula
871 2637 1164 2690 tenerrima
1198 2637 1371 2691 veluti
1411 2637 1608 2689 cortice
1650 2637 1739 2690 in-

113 2708 307 2762 teriori
345 2720 508 2772 tecta,
538 2708 686 2761 intus
723 2709 1121 2781 pulverulenta.
1187 2707 1279 2762 Sic
1331 2708 1531 2779 optime
1584 2714 1651 2762 A.
1685 2715 1739 2767 S.

113 2781 152 2834 l.
183 2800 231 2833 c.
270 2812 339 2821 —-
372 2779 430 2832 A
457 2793 712 2848 sequente
749 2779 911 2832 facile
952 2779 1288 2851 dignoscitur
1332 2781 1439 2832 situ
1473 2780 1737 2847 conferto,

112 2850 680 2923 peridiis-minoribus,
701 2864 751 2904 et
784 2850 1000 2921 reticuli
1039 2852 1151 2904 albi
1183 2852 1411 2904 defectu.
1472 2853 1565 2904 Ad
1592 2863 1740 2904 trun-

112 2939 199 2974 cos
225 2923 477 2992 putridae,
508 2941 700 2976 muscos
712 2962 728 2990 ,
766 2924 1026 2993 ipsamque
1061 2935 1251 2976 terram
1268 2961 1284 2989 ,
1324 2923 1380 2974 in
1416 2923 1554 2975 silvis
1579 2943 1739 2992 prae-

111 2993 260 3065 cipue
295 2994 542 3064 abiegnis,
619 2999 865 3060 Aestate,
901 2995 1169 3066 primoque
1203 3006 1459 3050 autumno,
1532 2995 1615 3066 (V.
1656 3000 1736 3063 ν.)
