1887 3255
192 111 303 171 312
776 108 1235 189 Plnossoms,

583 304 656 361 v.
724 270 1181 376 PILOBOLUS.
1254 272 1441 365 1⁴0³,

255 430 343 474 cfr.
367 429 432 486 ⁴>55.
464 425 534 482 Μ.
569 426 639 470 11.
662 438 715 478 p.
745 426 849 468 308.

339 508 573 564 CHAR.
653 508 841 562 Flocci
909 510 1212 582 simplices,
1292 500 1575 582 contiguis
1620 512 1817 580 roridi,

195 583 366 638 adulti
399 599 631 653 superne
662 582 957 635 ventricosi
985 582 1211 647 clavati3
1251 583 1529 635 terminati
1552 583 1821 655 peridiolo

195 657 450 710 indurato
488 653 742 722 globoso,
775 653 1035 716 discreto,
1079 653 1406 722 dissiliente,
1449 655 1687 728 sporidia
1720 655 1818 708 in-

198 726 450 781 cludente
479 724 720 794 globosa.

343 796 498 849 obs.
575 793 920 846 Examinatis
954 792 1356 868 Hydrophorae
1406 798 1575 851 'variis
1610 797 1819 869 specie-

199 870 324 930 bus,
363 885 500 936 quae
547 886 656 918 non
704 865 895 937 habitu
936 877 1147 919 tantum
1197 881 1247 920 et
1280 870 1391 921 loco
1426 890 1548 922 cum
1574 869 1821 922 Pilobolo

197 958 423 1013 prorsus
446 937 801 1000 conveniunt,
837 937 928 988 sed
952 937 1114 990 etiam
1137 940 1419 1009 peridiolis
1447 942 1632 993 eodem
1658 940 1822 993 modo

197 1009 498 1070 induratis,
558 1028 668 1061 non
710 1027 925 1080 possum
962 1028 1074 1060 non
1119 1010 1218 1061 hoc
1265 1010 1545 1080 aptissimo
1585 1014 1700 1064 loco
1733 1011 1823 1063 in-

197 1102 381 1137 serere
436 1100 600 1150 genus
651 1080 764 1154 jam
809 1079 870 1131 in
917 1081 1047 1131 Vol.
1101 1082 1185 1134 ll.
1247 1092 1546 1137 tractatum.
1641 1082 1822 1135 Unica

200 1152 524 1207 differentia'
552 1152 618 1203 ab
669 1150 1043 1222 Hydrophora
1082 1151 1276 1221 pendet
1324 1172 1351 1203 e
1394 1155 1557 1205 flocco
1608 1172 1825 1205 sursum

201 1226 620 1284 intumescente,
667 1223 811 1273 unde
875 1221 1203 1292 peridiolum
1250 1223 1544 1276 liberatum
1603 1223 1823 1276 dissilit.

184 1297 351 1350 <Tam
388 1296 613 1361 floccus,
655 1312 815 1363 quam
850 1292 1180 1363 peridiolum
1218 1306 1295 1346 est
1336 1296 1651 1351 membrana
1691 1294 1826 1347 sim-

201 1370 334 1441 plex
368 1366 623 1434 (indeque
659 1385 772 1416 non
809 1363 1271 1437 Gasteromyces),
1317 1367 1410 1418 sed
1441 1367 1502 1418 in
1534 1378 1673 1419 statu
1711 1364 1828 1434 pri·-

201 1439 380 1492 mario
419 1438 637 1491 Stilbum
673 1435 848 1505 magis
896 1436 1091 1496 refert,
1142 1434 1390 1509 cujussin
1433 1438 1664 1491 secunda
1700 1436 1827 1489 Mu-

203 1510 522 1563 corinorum
578 1509 811 1561 sectione
860 1509 1137 1576 analogon.
1214 1507 1444 1571 ,Eadem
1495 1509 1708 1562 ratione
1765 1526 1828 1559 ac

206 1582 447 1636 Stilbum
476 1580 719 1631 maxime
758 1590 1099 1648 angustatum
1131 1576 1539 1648 Sphaeronema
1565 1579 1826 1643 diximus3

203 1654 309 1706 hoc
350 1652 422 1704 sit
462 1651 763 1703 Thelebolus
802 1649 1142 1717 mucorinus3
1192 1649 1527 1704 Thelebolus
1568 1650 1716 1702 enim
1751 1660 1831 1701 est

206 1744 236 1776 e
271 1724 421 1776 tribu
454 1719 917 1794 Cytisporearum.
974 1718 1057 1774 Cf.
1099 1731 1338 1773 ceterum
1368 1728 1422 1777 S.
1457 1727 1534 1776 M.
1571 1728 1604 1775 Ζ.
1640 1742 1685 1775 0.

206 1822 262 1875 l,
345 1826 407 1875 Ρ.
443 1820 792 1888 crystalli-nne,
828 1818 1009 1870 floccis
1039 1808 1193 1890 apice
1225 1820 1443 1873 demum
1476 1824 1700 1878 clavatis
1737 1823 1834 1876 ob-

356 1891 548 1962 ovadtis,
587 1890 859 1961 peridiolo
893 1889 1326 1961 hemisphaerico
1364 1895 1399 1946 l.
1444 1914 1489 1947 c.

354 1972 692 2046 synonymis
751 1973 789 2026 l.
835 1992 881 2027 c.
931 1972 1188 2028 addatur:
1257 1975 1334 2028 Μ.
1376 1978 1684 2031 urceolatus
1735 1981 1833 2031 So-

210 2044 362 2098 werb.
393 2057 431 2099 t.
471 2045 596 2100 300.
670 2045 761 2096 De
798 2043 1059 2113 singulari
1112 2056 1264 2098 motu
1324 2047 1384 2099 in
1417 2049 1645 2118 guttulis
1709 2049 1835 2103 vide

209 2118 436 2171 Ehrenb.
474 2116 536 2168 in
568 2121 717 2168 Kunz
754 2127 804 2167 et
837 2115 1087 2168 Schmidt.
1125 2120 1268 2184 Myc.
1315 2122 1453 2184 Hesi
1482 2122 1532 2175 2.
1554 2141 1609 2189 p.
1646 2121 1734 2174 67.
1761 2151 1833 2160 --

208 2189 410 2241 Fimum
444 2187 625 2240 incolit
634 2209 653 2253 ,-
691 2187 746 2238 in
783 2192 929 2240 larva
966 2187 1215 2255 Sphingis
1262 2194 1489 2259 Atropos
1533 2193 1660 2258 legit
1698 2190 1835 2245 Sco-

210 2259 342 2330 poli.
389 2261 465 2327 (v.
504 2261 584 2325 v.)

211 2360 268 2411 2.
359 2366 421 2413 P.
458 2357 685 2423 roriflus,
727 2356 907 2409 floccis
957 2357 1213 2428 elongatis
1261 2357 1639 2420 filiformibus,
1684 2358 1836 2431 apice

361 2429 628 2501 globosis,
660 2428 930 2499 peridiolo
965 2428 1340 2501 punctisormi.
1551 2447 1554 2450 ’

359 2527 467 2580 Hic
509 2527 762 2598 sporidiis
812 2528 954 2580 circa
1013 2528 1220 2597 apicem
1274 2528 1428 2579 flocci
1470 2530 1836 2583 vesiculosum

124 2598 127 2599 ⁷
216 2599 401 2652 effusis
442 2611 579 2651 esset
618 2599 960 2670 Ascophora!
1030 2599 1264 2651 Videtur
1297 2601 1475 2670 potius
1512 2603 1836 2671 praeceden-

214 2671 284 2722 tis
325 2683 550 2730 statum,
602 2689 762 2738 quam
808 2671 953 2722 hunc
989 2684 1112 2722 ante
1160 2669 1343 2722 oculos
1385 2671 1638 2725 habuisse
1680 2675 1835 2725 Som-

215 2742 368 2807 mers.
408 2749 580 2810 Lapp.
610 2760 666 2808 p.
694 2741 819 2795 236.
889 2741 1125 2806 Habitu,
1164 2741 1455 2810 fugacitate
1479 2755 1528 2795 et
1565 2743 1833 2816 peridiolo

214 2811 447 2867 minimo
483 2811 617 2867 satis
649 2811 923 2868 differunt.
991 2818 1058 2865 In
1077 2811 1255 2883 fimo„
1281 2814 1359 2879 (V.
1393 2817 1478 2885 v.)
