1887 3255
707 123 1136 180 PHYSARUM
1630 134 1735 186 129

102 289 271 327 scens,
337 269 624 323 Peridium
657 269 1034 335 tenerrimum,
1067 268 1246 321 forma
1284 271 1573 326 admodum
1601 290 1728 329 con-

101 342 271 398 stanti
293 339 605 394 lenticulari
630 339 746 391 basi
777 341 1109 405 umbilicata,
1139 341 1392 410 primitus
1418 343 1585 405 laeve,
1603 348 1728 400 dein

99 412 457 483 inaequabile‚
495 411 706 481 saepius
732 410 987 464 laciniato
1003 442 1027 450 -
1047 411 1343 475 dehiscens,
1368 413 1581 466 laciniis
1605 438 1726 486 pcr-

99 484 413 540 sistentibus
447 483 513 535 ad
548 481 702 533 basin
739 480 938 533 saltim.
997 481 1180 533 Flocci
1207 481 1360 536 basin
1399 503 1588 537 versus
1634 488 1727 538 atl—

99 557 234 620 nati,
280 552 581 614 tenerrimi,
615 551 804 618 albidi,
832 552 922 604 sed
959 552 1212 623 sporidiis
1247 554 1489 607 immixti
1527 556 1729 610 eisdem

103 628 417 682 concolores
451 624 726 689 videntur,
771 633 823 675 et
865 623 1087 674 dubium
1121 637 1214 689 est,
1248 644 1315 676 an
1351 645 1461 679 non
1499 646 1727 697 sequen-

102 700 181 753 tia
204 696 471 752 nonnulla
507 695 612 747 hoc
639 696 820 747 colore
845 695 1051 746 imbuta
1078 695 1344 765 descripta
1385 698 1510 752 sint.
1534 726 1537 728 >
1584 698 1727 771 Spo-

103 771 249 824 ridia
274 787 374 839 pro
404 786 558 819 more
594 767 834 837 globosa.
910 766 1104 834 Ubique
1137 767 1210 817 ad
1252 767 1397 833 ligna
1428 781 1726 836 Jmtrescen-

103 843 182 894 tia
220 840 460 892 arborum
495 849 604 889 tam
618 836 993 907 frondosarum
1007 878 1019 901 ‚
1053 854 1205 905 quam
1241 856 1560 892 acerosarum
1576 880 1592 903 ,
1641 845 1733 896 sed

104 912 261 964 etiam
296 910 370 962 ad
414 929 608 961 muscos
638 920 731 961 etc.
739 945 755 975 >
794 921 1020 976 aestate,
1055 919 1308 962 autumno.
1353 911 1434 978 (v.
1477 914 1551 982 v.)

244 981 502 1034 Vidimus
539 981 846 1033 luculenter
889 981 1128 1033 colorem
1168 980 1366 1049 peridii
1413 982 1472 1033 in
1522 985 1728 1053 pallide

103 1055 330 1118 luteum,
370 1052 694 1117 coccineum,
724 1068 968 1119 aureum,
997 1050 1379 1104 flavoviridem
1408 1065 1457 1104 et
1494 1055 1729 1110 viridem

94 1125 367 1190 transire,
411 1123 542 1176 hinc
575 1144 688 1176 non
724 1143 943 1196 possum
980 1143 1093 1176 non
1132 1134 1406 1191 sequentes
1439 1125 1727 1180 varietates

107 1198 321 1263 addere,
363 1195 492 1248 licet
529 1195 719 1248 forsan
756 1197 853 1248 sub
902 1194 989 1248 his
1027 1193 1338 1248 nominibus
1378 1207 1428 1247 et
1470 1198 1730 1269 analogae

109 1269 321 1321 formae·
346 1267 685 1337 'sequentium
697 1266 1077 1337 intelligantur
1092 1284 1107 1322 t

250 1355 302 1420 β.
340 1351 533 1417 viride,
570 1349 784 1421 peridio
816 1349 1134 1404 virescente.

167 1427 500 1476 Sphaerocarpus
530 1423 690 1467 viridis.
754 1425 874 1466 Ball.
908 1425 1076 1477 Chcmzp.
1093 1440 1142 1476 p,
1171 1423 1269 1464 115.
1297 1432 1329 1468 t.
1354 1424 1518 1478 481‚j·,
1550 1431 1591 1473 1,
1634 1429 1731 1467 Tri..

223 1485 330 1526 chia.
391 1484 583 1533 Dec-,fr⁹
602 1485 644 1526 2,
663 1496 709 1534 p,
735 1482 836 1524 253.
898 1484 1027 1534 Phys,
1088 1487 1206 1521 Pers,
1239 1496 1330 1536 syn.
1351 1498 1397 1535 p.
1426 1488 1523 1525 172.
1585 1490 1646 1528 A.
1683 1491 1731 1530 S.

217 1557 268 1594 p.
292 1540 367 1583 94.
433 1541 556 1582 Ckev.
571 1553 673 1591 par.
696 1551 743 1591 p,
767 1540 869 1583 337.
888 1561 947 1571 -·—
1002 1540 1153 1586 Dium,
1173 1540 1206 1582 l.
1231 1554 1269 1583 c.
1296 1548 1328 1579 t.
1357 1541 1431 1586 24.
1476 1547 1585 1584 Nees
1619 1548 1734 1598 Syn.

218 1600 270 1651 f,
294 1598 395 1643 108,
407 1601 619 1647 paululum
637 1600 852 1640 recedens,

324 1666 494 1721 Color
528 1667 838 1720 intensitate
886 1666 1178 1720 admodum
1220 1669 1436 1732 varius,
1475 1682 1620 1720 nunc
1663 1669 1738 1721 ci-

107 1739 541 1801 nereo—virens,
576 1759 721 1791 nunc
755 1737 1144 1792 luteo-virens
1186 1741 1325 1805 (var.
1346 1742 1397 1806 β.
1440 1739 1739 1792 [ammireus

109 1816 182 1868 A.
217 1812 319 1881 5.).
354 1810 507 1866 Juste
544 1809 657 1894 jam
697 1812 988 1864 observant
1037 1811 1159 1864 Alb.-
1195 1823 1246 1862 et
1285 1811 1538 1864 Schwein.
1581 1811 1738 1863 unice

112 1886 294 1938 colore
321 1901 352 1935 a
383 1882 561 1954 priori
595 1883 834 1945 differre,
879 1881 1304 1951 varietatemque
1347 1885 1400 1949 β.
1437 1882 1739 1933 luteoviren-

111 1968 214 2009 tem
244 1956 312 2007 ad
343 1965 656 2023 sequentem
685 1952 939 2005 transire.
991 1953 1149 2004 Locis
1183 1954 1501 2004 humentibus
1526 1953 1738 2023 cryptis,

112 2047 264 2096 saepe
297 2025 435 2077 inter
481 2025 725 2078 Trichias
753 2025 1022 2089 olivaceas,
1050 2035 1176 2078 aest.
1218 2035 1326 2076 aut.
1367 2039 1445 2090 (v.
1483 2026 1563 2096 v.)

255 2129 302 2182 γ.
342 2129 577 2172 aureum,
623 2108 836 2181 peridio
879 2122 1062 2161 aureo.

170 2196 304 2251 Phys.
334 2209 523 2241 aureum.
584 2200 705 2239 Pers.
736 2195 845 2248 disp,
867 2195 989 2238 meib.
1009 2209 1055 2247 p.
1075 2193 1120 2238 8.
1142 2200 1177 2236 t.
1202 2197 1243 2239 1.
1255 2195 1304 2246 s,
1328 2194 1373 2240 6.
1435 2198 1539 2249 Syn.
1559 2210 1610 2249 1⁷.
1640 2197 1740 2236 173.

227 2260 291 2298 A.
314 2259 432 2308 8012.
457 2254 532 2300 94.
595 2253 798 2297 Schum.!
844 2254 980 2297 Saell.
1015 2266 1062 2306 pa
1106 2253 1207 2292 201⁶
1269 2254 1422 2298 Dium.
1457 2254 1490 2301 Z,
1523 2269 1557 2294 c.
1600 2262 1634 2298 t.
1668 2258 1743 2301 23.

237 2317 366 2358 Grev.
393 2321 529 2368 crypt.
554 2316 670 2355 Scot.
693 2320 726 2358 t,
755 2311 854 2357 124.

331 2368 511 2440 Stipes
540 2369 600 2421 in
627 2370 730 2421 hoc
761 2367 1091 2420 constantius
1126 2367 1471 2438 fuliginosus,
1501 2367 1593 2419 sed
1625 2365 1745 2420 vidi

117 2443 282 2498 etiam
305 2441 592 2513 pallidum.
681 2441 776 2493 Ad
817 2451 1022 2492 truncos
1059 2441 1296 2508 putridos
1338 2438 1557 2490 hmnidis
1603 2439 1741 2504 locis,

100 2516 375 2587 frequens.
442 2512 519 2577 (v.
567 2511 649 2584 v.)

262 2598 308 2651 ὂ.
349 2605 655 2664 coccineum,
696 2597 909 2670 peridio
950 2589 1215 2650 coccineo.

308 2682 488 2755 Stipes
528 2684 782 2758 pallidus.
855 2688 923 2735 In
975 2683 1160 2734 eisdem
1205 2677 1450 2748 gregibus
1497 2694 1560 2726 ac
1599 2673 1748 2743 prius

119 2756 242 2824 legi.
282 2756 358 2826 (v.
396 2761 480 2824 V.)

118 2842 170 2899 2.
243 2844 340 2898 Ph.
377 2845 579 2904 luteum,
618 2827 830 2913 peridio
861 2830 1176 2889 lenticulari
1212 2832 1398 2888 subtus
1431 2829 1747 2884 umbilicato

260 2912 616 2967 verruculoso
657 2913 992 2968 subcernuo,
1040 2907 1221 2978 stipite
1268 2903 1570 2977 cylindrico
1604 2902 1750 2954 laevi

264 2986 407 3050 albo,
434 2983 613 3037 floccis
646 2983 824 3049 flaviS,
852 2979 1101 3052 sporidiis
1128 2977 1312 3050 (nigro
1333 2976 1406 3098 ?)l
1420 2973 1749 3045 fuliginosi&

190 3070 240 3120 Ρ,
264 3073 343 3116 111.
377 3073 474 3112 sect
506 3070 527 3109 1
