1887 3255
676 98 1115 155 RATARREA
1220 183 1227 185 ff
1691 95 1734 164 z

94 245 374 307 terranei,
410 265 465 301 v.
505 265 549 299 c.
593 249 660 300 G.
699 244 803 298 coli
831 244 1009 306 armis,
1047 243 1110 297 in.
1161 241 1266 294 hac
1317 251 1489 293 aetate
1529 237 1728 312 primi-

93 319 207 372 tiva
242 323 534 370 Batarreae
574 315 850 368 simillimi
881 329 1041 381 sunt;
1083 333 1274 368 eorum
1314 311 1590 385 peridium
1627 329 1728 362 ex-

85 389 261 442 terius
304 386 509 460 duplici
548 399 755 441 constat
794 388 1138 449 membrana,
1187 395 1355 438 strato
1397 380 1732 436 intermedio.

92 459 498 532 subgelatinoso
550 471 642 511 aut
679 459 836 514 lactis
875 459 1147 530 coagulati
1183 455 1486 510 substantia
1528 465 1580 508 et
1604 453 1727 505 foe-

91 532 235 593 tido,
272 544 333 584 ut
370 531 431 583 in
474 531 678 585 Phallis
711 543 762 584 et
819 531 1041 586 Glathris
1061 568 1078 597 ,
1124 550 1246 582 cum
1285 528 1487 598 quibus·
1516 523 1723 598 species

93 605 256 668 citata
284 603 516 673 analoga
559 615 654 655 est.
742 601 1044 657 Ulterioris
1093 601 1448 674 morphoseos
1486 595 1724 651 diversi-

22 700 28 703 ·
91 688 223 728 tates
263 695 377 727 non
413 694 610 749 parum
658 676 896 747 pendere
945 675 1198 728 videntur
1236 692 1268 724 a
1313 669 1528 745 peridio
1580 668 1724 724 Gea-

93 747 220 800 stris
248 759 573 817 emergente,
606 747 736 798 dum
764 747 1060 799 Beatam-eae
1099 764 1315 818 semper
1341 744 1403 796 in
1429 755 1579 795 terra
1603 758 1726 797 ma-

90 831 208 880 net,
251 837 356 888 quo
394 818 628 873 interior
661 838 837 872 massa
877 818 1088 887 cogitur
1142 818 1209 873 ad
1253 829 1432 868 terrae
1494 812 1726 886 superfi-

91 889 230 942 ciem
269 891 523 962 pronasci.
560 890 866 960 ibidemque
905 891 1124 942 liberata
1174 889 1413 942 formam
1443 885 1722 959 pileatam,

90 980 359 1016 summam
393 962 454 1014 in
488 963 705 1033 singula
740 964 1038 1034 fungorum
1074 961 1230 1026 serie,
1267 961 1508 1014 assumit.
1575 954 1725 1009 Gon-

91 1033 318 1085 ferenda
347 1053 512 1105 porro
538 1034 858 1087 Podaxonis
892 1034 1095 1107 species
1109 1073 1126 1097 ,
1182 1032 1545 1105 (Lycoperdon
1569 1046 1722 1079 mra-

91 1116 198 1157 tum
246 1103 374 1160 Bos.
425 1105 611 1159 itidem
658 1108 940 1161 volvatum
994 1117 1042 1158 et
1102 1107 1499 1179 calyptratum,
1568 1117 1722 1154 rece-

89 1177 303 1252 ptaculo
331 1178 586 1245 centrali)
614 1178 839 1250 insuper
874 1180 1183 1239 Tulostoma,
1225 1178 1287 1230 in
1322 1195 1428 1246 quo
1467 1171 1587 1226 vidi
1624 1189 1723 1242 pe-

90 1247 224 1300 ridii
267 1248 520 1300 corticem
561 1251 892 1303 exteriorem
944 1250 1062 1303 basi
1099 1250 1299 1304 volvae
1348 1247 1524 1300 instar
1579 1241 1721 1295 resi-

92 1320 279 1374 duum.
347 1320 472 1372 Non
512 1321 694 1390 itaque
732 1324 925 1376 desunt
960 1321 1200 1375 rationes
1237 1339 1404 1392 genus
1428 1317 1574 1370 inter
1599 1314 1721 1388 Ly-

89 1392 378 1463 coperdeos
399 1430 415 1453 2
457 1413 579 1444 cum
617 1394 807 1463 quibus
847 1406 1095 1465 autoptae
1133 1393 1570 1468 conjunxerunt,
1606 1405 1724 1439 ser-

88 1462 275 1516 vandi.
355 1463 576 1533 Optime
618 1486 750 1519 vero
782 1465 1030 1519 Persoon
1065 1485 1262 1533 genere
1305 1460 1592 1525 distinxit3
1632 1457 1723 1532 ju-

88 1534 323 1587 stissime
377 1536 580 1588 dicavit
615 1537 914 1590 memoriae
971 1533 1436 1598 BATARRAE,
1489 1531 1583 1602 qui
1632 1547 1723 1582 so-

86 1605 173 1657 lus
200 1605 258 1658 in
287 1608 501 1660 saeculo
524 1609 865 1681 mycologiae
888 1609 1130 1661 maxime
1161 1608 1449 1663 tenebroso
1467 1603 1723 1674 (1730—

86 1676 253 1748 1780)
285 1697 407 1730 cum
447 1678 730 1734 Schaffero
768 1682 832 1732 de
867 1681 1052 1752 fungis
1095 1701 1166 1734 ex
1204 1677 1451 1753 autopsia
1484 1673 1723 1749 scripsit.

86 1777 139 1835 l.
174 1783 245 1832 B.
276 1778 593 1840 Phalloides,
634 1780 818 1851 stipite
859 1780 1107 1850 aequali,
1151 1777 1409 1853 sporidiis
1455 1774 1643 1829 fuscis.

124 1865 380 1927 *Lycoperss
408 1869 660 1913 Phauoides.
712 1869 854 1912 Dicks.
888 1877 1022 1923 crypt,
1059 1868 1174 1914 Brit,
1209 1871 1253 1911 l.
1279 1882 1328 1920 p.
1358 1865 1433 1911 24.
1513 1863 1718 1910 Woodw.

191 1923 238 1965 in
277 1929 380 1970 Act.
420 1928 561 1977 Angl.
607 1927 680 1966 74.
719 1942 768 1979 p.
825 1927 926 1971 423.
970 1935 1002 1971 t.
1058 1930 1132 1972 26.
1239 1925 1391 1968 Smitlz.
1446 1923 1564 1976 Spic.
1612 1924 1712 1961 Bot.

201 1984 243 2020 l·
291 1997 338 2034 p.
387 1987 456 2023 11.
494 1992 527 2030 t,
574 1989 644 2029 12.
705 1987 887 2026 Sowerb.
928 1988 1070 2036 szg,
1112 1993 1144 2032 t,
1189 1987 1292 2027 390.
1376 1987 1532 2026 Batar.
1561 1980 1718 2029 Phala

199 2043 320 2083 Pers.
347 2056 438 2095 syn.
471 2057 524 2095 Ρ.
554 2046 653 2088 129,
686 2051 719 2089 t.
747 2047 791 2084 3.
814 2045 866 2096 f,
897 2047 940 2088 1.
967 2047 1111 2099 Nees,
1148 2044 1183 2089 l,
1217 2043 1319 2095 (uf.
1351 2043 1457 2087 257.

237 2143 474 2209 „Volva
523 2158 711 2212 ovata,
742 2146 1055 2198 bicorticata
1130 2145 1339 2206 albida,
1379 2141 1713 2212 mucilagine

81 2214 308 2284 repleta,
341 2216 442 2268 sub
470 2228 618 2269 terra
656 2219 721 2271 ad
760 2239 883 2270 unc·
922 2221 957 2269 7
996 2249 1050 2259 --
1082 2217 1120 2271 8
1157 2217 1451 2270 recondita.
1529 2212 1714 2286 Stipes

82 2286 374 2368 altitudine,
384 2288 601 2342 circiter
615 2291 793 2362 pedali
807 2290 1020 2354 cortice,
1036 2291 1272 2344 lacerato
1290 2320 1315 2333 -·
1332 2287 1714 2359 strigoso,(cy-

81 2357 369 2440 liudricus,
389 2373 584 2427 rectus,
607 2382 882 2428 carnosus,
903 2362 1234 2433 mucilagine
1249 2357 1508 2434 repletus,
1526 2357 1714 2431 primo

80 2430 289 2492 brev1S,
330 2445 512 2502 postea
548 2434 692 2485 mira
727 2434 787 2488 vi
831 2448 882 2486 et
915 2434 1189 2489 celeritate
1225 2453 1443 2487 sursum
1488 2432 1713 2500 elonga-

83 2513 191 2558 tur.
211 2512 244 2535 “
282 2504 491 2567 Smith.)
540 2505 778 2571 „Pileus
807 2508 1228 2579 campanulatus,
1252 2506 1468 2558 inferne
1498 2502 1708 2573 glaber,

81 2573 292 2656 laevis,
331 2594 564 2646 superne
600 2591 767 2630 tectus
822 2592 989 2631 strato
1030 2578 1276 2651 pulveris
1309 2576 1493 2629 1-crassi
1544 2571 1710 2638 susci,

83 2665 176 2713 qul
203 2646 450 2716 portione
468 2649 662 2703 volvae
677 2650 951 2721 disruptae
965 2650 1117 2720 quasi
1131 2652 1376 2723 calypti-a
1394 2645 1657 2718 operitur.
1668 2647 1707 2680 ‘⁶

80 2717 265 2770 Dicks.
296 2750 367 2757 —
403 2724 470 2770 In
511 2723 791 2789 aggeribus
813 2724 1041 2774 arenosis
1071 2725 1315 2791 Angliae.
1357 2720 1446 2791 (v.
1485 2717 1603 2790 ic.)

80 2832 133 2885 2.
223 2837 292 2955 ξ.
328 2833 585 2916 Stevfnii,
624 2835 808 2909 stipite
860 2836 1170 2890 ventricoso
1220 2830 1483 2910 sporidiis
1527 2830 1710 2885 luteo·

265 2924 508 2958 runnels.

145 2987 458 3059 Dendromyces
479 3006 681 3051 Stevenii,
711 2993 961 3049 Lihosehz‘tss.
980 3013 1189 3065 Effonogr.
1221 3009 1372 3054 Wim.
1407 3010 1534 3057 1814,
1548 3012 1594 3063 s.
1611 3012 1652 3065 1,
1667 3015 1709 3052 2.
