1887 3255
591 129 1226 190 SPOROTRIGHUM.
1600 136 1709 191 41⁵

204 288 383 324 tamon·
442 275 552 321 Alb·
589 282 632 314 el
667 272 871 316 schweiss·
923 276 1075 326 COnSP.
1116 286 1167 325 Ρ.
1207 271 1309 312 363.
1375 275 1428 319 Β.
1465 276 1708 327 Agaricina.

212 336 355 376 Link!
387 333 488 378 obs.
519 337 557 377 l.
580 347 628 386 p.
659 334 730 376 13.
761 335 884 383 Spec.
911 335 948 373 1.
971 346 1022 384 p.
1055 330 1127 374 84.
1178 331 1329 376 Dium.
1363 331 1397 376 l.
1426 346 1462 377 c.
1493 333 1536 373 4.
1569 343 1602 374 t.
1633 336 1711 378 41.

179 441 184 450 .
215 398 337 442 Pers.
370 393 407 441 Ζ,
437 407 476 439 c.
516 391 768 442 Sporotrich.
799 391 1060 435 Boletorum.
1089 389 1310 436 Ehnmbd
1334 390 1437 437 Ber,
1475 404 1526 444 p,
1553 395 1625 438 22,

70 487 90 499 Q

239 478 460 547 Fungos
489 477 888 545 languescentes
920 473 1138 526 obducit
1171 475 1296 526 lana
1320 474 1488 540 tenui,
1532 476 1715 545 densa,

100 549 254 611 alba,
313 550 378 602 ad
419 547 632 600 unciam
675 556 726 596 et
765 545 910 596 ultra
957 557 1192 601 extensa.
1282 545 1466 598 Flocci
1509 547 1715 603 lineam

99 620 278 689 longi,
333 615 717 682 ramosissimi,
765 615 934 669 ramis
989 617 1306 669 lateralibus
1348 617 1711 687 brevioribus,

98 692 393 744 adultiores
452 707 610 758 saepe
692 688 1083 739 decumbentes.
1177 687 1435 759 Sporidia
1494 692 1712 759 generis

98 782 250 814 more
283 762 502 831 magna,
540 759 792 819 obovata,
844 760 934 810 sed
971 758 1187 810 variant
1226 760 1492 818 adultiora
1537 763 1713 832 magis

94 834 345 903 elongata
407 844 471 883 et*
508 831 642 881 haec
692 830 995 881 luculenter
1053 841 1286 899 septata,
1351 832 1410 882 in
1470 833 1712 903 apicibus

100 903 419 957 acu-minatis
474 913 746 969 congesta,
807 900 969 952 facile
1015 901 1256 956 decidua.
1326 903 1417 953 Ad
1455 905 1715 971 Agaricos

97 986 148 1026 et
178 976 384 1027 Boletos
406 973 667 1042 putridae,
701 972 925 1037 abunde,
957 984 1214 1025 autumno.
1264 979 1340 1038 (V.
1372 973 1452 1042 v.)

212 1073 337 1121 Ohs.
368 1079 408 1121 1.
461 1073 611 1114 Varias
639 1073 809 1123 insuper
840 1073 1019 1112 vidimus
1051 1069 1174 1125 hujus
1200 1073 1394 1112 naturah‘s
1424 1080 1590 1125 generis
1615 1093 1714 1131 spe..

97 1133 182 1174 cies
209 1134 309 1175 olim
334 1134 593 1176 inserendas.
653 1133 838 1182 Caveas,
881 1144 936 1170 ne
962 1131 1088 1180 septis
1121 1130 1397 1179 sporidiorum
1433 1135 1603 1176 nimium
1637 1142 1715 1179 tri..

97 1194 199 1232 buas
216 1221 228 1242 ‚
255 1194 359 1233 haec
390 1191 571 1232 enimin
615 1193 762 1229 eadem
800 1191 938 1239 specie
963 1193 1110 1228 adsunt
1135 1196 1176 1227 et
1209 1191 1385 1242 desunt,
1430 1199 1717 1238 antecedentia

98 1262 200 1291 vero
226 1262 382 1302 genera
412 1251 473 1291 eis
499 1260 662 1297 semper
689 1257 846 1293 carent.
905 1248 1110 1297 Reliquae
1131 1246 1272 1286 'notae
1311 1256 1424 1288 certe
1450 1260 1491 1290 et
1521 1264 1718 1296 constan-

98 1317 161 1349 tes
187 1316 300 1353 sunt.

215 1367 337 1408 Obs.
367 1366 411 1411 2,
465 1361 707 1414 Botrytides
746 1368 788 1400 et
823 1362 1118 1416 Sporotricha‚
1162 1362 1357 1410 sporidiis
1386 1367 1545 1416 magnis
1584 1373 1719 1411 evali-

97 1425 199 1478 hus,
237 1436 392 1466 novum
418 1422 525 1461 inter
554 1423 634 1460 hoc
659 1428 700 1459 et
727 1421 1037 1469 Sporotazchum
1062 1420 1248 1459 medium
1278 1433 1407 1470 genus
1440 1422 1612 1468 efficere
1653 1431 1722 1469 vi-

100 1484 262 1526 dentur.
325 1483 411 1523 Sed
458 1479 720 1534 morphosis,
766 1479 890 1518 unica
917 1480 1001 1519 fida
1030 1489 1230 1530 generum
1255 1479 1388 1532 basis,
1411 1483 1536 1531 plene
1576 1489 1722 1529 obser-

99 1542 251 1585 venda.

254 1829 376 1884 VII.
440 1825 1088 1882 SPOROTRIGHUM.
1158 1826 1313 1881 Link
1346 1830 1569 1897 reform.

159 1946 288 2000 Byssi
325 1957 436 1995 spec.
485 1947 634 1990 Veter.
696 1943 876 1984 Demadi
911 1944 1176 1998 (inter-text.)
1218 1958 1330 1997 spec.
1375 1953 1494 1996 Pers,
1530 1955 1638 2001 Alb,
1676 1964 1718 1997 et

219 2003 428 2048 Schwein,
482 2001 762 2054 Sporotrichi,
784 2003 966 2043 ‘Aeladii
994 2011 1036 2043 et
1063 2003 1251 2056 Botrytis
1281 2005 1406 2054 Link,

249 2086 480 2142 CHAR.
544 2085 727 2139 Flocci
775 2085 939 2138 erecti
988 2098 1078 2138 aut
1119 2087 1718 2161 caespitoso-conver-

106 2171 318 2232 gentes,
355 2158 588 2225 ramosi,
621 2159 838 2230 septati,
890 2157 1218 2225 uniformeS‚
1284 2159 1429 2214 haud
1477 2170 1718 2222 mucedi-

106 2231 214 2284 nei.
282 2230 540 2303 Sporidia
574 2228 770 2296 libera,
814 2228 1107 2301 simplicia,
1144 2230 1324 2302 pri-mo
1345 2235 1522 2289 floccis
1544 2238 1716 2294 inter-

107 2315 257 2356 texta
290 2314 380 2355 aut
411 2303 644 2363 obtecta,
684 2302 808 2354 dein
839 2300 1102 2372 inspersa.
1181 2305 1359 2356 Flocci
1401 2306 1719 2377 flaccescen-

108 2386 182 2427 tes
209 2374 372 2437 facile
404 2374 763 2426 decumbentes.
826 2373 1068 2440 Sporidia
1094 2372 1402 2445 majuscula,
1442 2381 1720 2447 pellucida.

99 2527 103 2531 ,
252 2473 408 2527 Obs.
470 2471 883 2524 Difficillimum
921 2490 1120 2540 genus,
1168 2473 1308 2539 quod
1351 2475 1629 2544 lubenter,
1669 2484 1718 2536 si

109 2544 355 2605 licuerat,
401 2543 541 2596 sicco
564 2542 1079 2615 pede2transiissem.
1156 2542 1277 2595 Hoc
1304 2547 1449 2599 enim
1480 2553 1720 2607 maxime

112 2615 341 2688 mycelia
369 2627 464 2669 etc.
501 2613 899 2668 diversissimae
934 2626 1158 2665 naturae
1195 2627 1245 2666 et
1280 2616 1494 2685 originis
1524 2625 1717 2695 tangit.

109 2687 234 2739 Non
266 2697 476 2738 tantum
509 2705 693 2738 omnes
738 2685 938 2755 species
982 2685 1161 2737 floccis
1212 2689 1462 2758 expansis
1520 2696 1720 2749 centri-

110 2757 255 2828 fugis
293 2769 388 2811 etc.
426 2757 530 2809 huc
570 2759 767 2809 relatae
811 2769 900 2808 aut
927 2775 954 2808 e
989 2756 1165 2828 prisco
1205 2776 1365 2811 sensu
1399 2761 1718 2820 referendae

109 2828 336 2901 mycelia
366 2838 541 2894 sunty
572 2828 664 2881 sed
698 2828 896 2880 multae
949 2829 1110 2880 etiam
1143 2829 1322 2881 floccis
1370 2834 1585 2903 erectis,
1635 2839 1718 2891 la-

109 2900 280 2961 nosis,
333 2898 513 2970 opa'cis
559 2901 726 2968 vulgo
772 2910 823 2950 et
879 2899 1100 2951 minutis
1157 2901 1388 2954 conidiis
1435 2904 1714 2977 inspersis,

64 3023 80 3031 *7
111 2970 204 3025 Sic
230 2991 286 3028 v,
325 2990 370 3025 c.
404 2970 447 3022 F
453 2971 710 3043 usisporii
752 2982 847 3026 etc.
881 2971 1110 3043 mycelia
1136 2971 1337 3026 eximie
1360 2971 1716 3047 Sporotricha
