1887 3255
560 114 567 118 ⁸
593 131 1107 203 csNococcUM
1601 147 1707 202 227

90 292 184 374 sei
224 291 370 344 hunc
412 309 441 344 e
476 291 782 344 charactere
827 287 1078 359 generico
1118 285 1357 352 exclusi,
1393 306 1542 353 cum,
1581 310 1706 343 sua..

89 365 247 416 dente
291 382 402 415 non
439 374 648 414 tantum
681 371 791 412 tota
827 359 1181 427 vegetatione,
1222 357 1314 410 sed
1357 358 1520 410 etiam
1567 361 1708 413 inte-

88 435 255 488 rioris
295 446 594 494 structurae
631 429 989 500 descriptione
1024 442 1074 482 et
1109 428 1468 493 dehiscentia,
1508 434 1710 484 8016νο-

88 507 217 557 tium
251 506 541 558 radicatum
581 503 634 555 T
640 502 722 554 od.
760 499 958 552 Meckl.
989 502 1038 552 l.
1076 521 1127 572 p.
1165 500 1215 553 5.
1249 513 1286 552 t.
1323 502 1370 553 l.
1411 499 1537 556 f.⁴8.
1565 505 1709 575 (spe-

91 576 200 629 cies
234 576 447 646 generis
479 575 736 626 hactenus
773 589 997 643 prorsus
1037 571 1307 642 ambigui)
1345 572 1452 624 huc
1483 575 1707 627 omnino

88 648 398 719 pertineat.'
454 645 795 698 Affinitatem
837 653 1023 694 nostra
1069 642 1269 695 habere
1326 643 1543 697 videtur
1586 665 1704 697 cum

88 719 312 787 Pyrenio
363 716 596 784 lvgnatili
625 715 718 767 Fr.
747 752 762 780 ,
817 714 986 782 fungo
1037 732 1148 765 non
1204 714 1384 767 minus
1441 715 1709 786 singulari

86 789 258 859 (Vide
300 795 447 843 (ἔνου.
488 793 659 857 Οφζῃρτ.
695 792 834 840 Scot.
864 796 899 838 t.
934 783 1082 852 276),
1116 797 1168 837 at
1199 785 1258 836 in
1292 785 1501 838 Anixia
1531 788 1709 839 villosa

89 862 256 932 pulpa
295 858 549 931 sporidiis
600 858 773 909 farcta
813 868 916 917 est,
972 855 1102 907 dum
1149 857 1422 925 Pyr-eninm
1472 857 1710 925 lignatile

88 932 235 985 intus
281 930 502 983 omnino
549 948 781 982 vacuum
827 938 905 980 est
950 938 1000 977 et
1041 927 1285 997 sporidia
1331 927 1391 979 in
1427 929 1710 999 superficie

88 1001 245 1072 gerit.
324 1000 462 1054 Cum
505 1001 830 1065 Glzaetomio,
867 999 933 1051 ob
972 998 1217 1052 habitum
1256 997 1707 1068 diversissimum,

86 1092 200 1125 non
229 1072 391 1124 facile
439 1071 698 1124 confundi
735 1082 927 1142 potest.

87 1158 143 1211 1.
210 1157 511 1240 ‘eL-villosa,
551 1155 778 1230 peridiis
809 1155 1169 1221 difformibUS,
1208 1153 1347 1208 villo
1386 1156 1510 1209 albo
1541 1156 1713 1209 obdu-

233 1241 351 1281 ctls.
741 1252 749 1259 '

147 1314 481 1358 Trichoderma?
506 1317 840 1365 pedunculatum.
904 1313 1068 1358 Schum.
1089 1310 1226 1355 Saell.
1258 1315 1301 1357 2.
1325 1327 1374 1366 p.
1403 1317 1489 1357 236
1525 1328 1712 1368 magnam

202 1374 338 1412 saltim
367 1374 606 1413 affinitatem
636 1386 727 1412 cum
756 1380 896 1412 nostro
926 1373 1054 1423 fungo
1079 1373 1233 1411 hahere
1251 1372 1428 1418 videtur,

279 1442 558 1512 Gregaria,
590 1439 793 1501 molliS,
813 1459 1052 1502 carnosa,
1075 1460 1220 1491 nunc
1243 1441 1446 1494 sessilis
1462 1441 1710 1510 oblonga,

87 1534 233 1568 nunc
275 1513 336 1565 in
386 1512 626 1583 stipitem
684 1512 800 1563 sere
850 1522 1150 1577 attenuata,
1202 1511 1379 1564 forma
1433 1512 1710 1574 variabili,

88 1594 123 1651 -15
160 1604 282 1638 unc.
323 1583 537 1636 circiter
588 1582 753 1642 altal,
794 1583 886 1633 sed
940 1593 990 1633 et
1033 1581 1216 1633 minor
1255 1613 1325 1622 -
1367 1596 1522 1636 extus
1567 1584 1709 1646 alba,

85 1657 315 1716 villosa,
345 1654 494 1706 fibris
526 1653 646 1706 basi
694 1653 935 1705 radicata
994 1682 1064 1692 —
1115 1652 1261 1706 intus
1305 1673 1710 1707 carnoso-suc-

88 1728 303 1779 culenta
350 1737 441 1778 aut
473 1724 890 1794 subgelatinosa,
922 1724 1139 1776 demum
1175 1744 1305 1778 cava
1346 1737 1397 1778 et
1427 1726 1575 1798 apice
1619 1727 1712 1777 de-

85 1798 316 1854 hiscens.
384 1795 641 1868 Sporidia
685 1797 937 1865 globosa,
982 1795 1283 1867 simplicia,
1324 1796 1550 1849 minime
1586 1796 1712 1869 pul-

86 1888 329 1929 veracea,
367 1869 594 1939 pulpae,
636 1867 781 1918 haud
816 1866 1022 1919 divisae
1057 1867 1118 1918 in
1154 1869 1361 1920 loculos
1397 1868 1709 1930 discolores,

84 1953 144 1991 ut
182 1940 242 1992 in
274 1939 512 2012 Mylitta,
540 1939 815 1990 immersa.
875 1938 967 1990 Ad
1002 1949 1194 1990 terram
1231 1940 1490 1990 humosam
1522 1941 1712 1992 nudam

71 2010 233 2079 foliis
263 2011 513 2062 obtectam
547 2010 603 2060 in
629 2009 757 2060 silva
773 2006 1009 2078 faginea
1044 2009 1151 2075 legi
1174 2015 1316 2079 Sept.
1349 2009 1505 2065 1817.
1539 2014 1714 2080 (v.V.)

231 2099 302 2148 A.
350 2093 617 2161 glabram.
668 2124 739 2131 —
790 2090 905 2147 cfr.
958 2091 1116 2145 Tode
1161 2094 1282 2146 loco
1324 2112 1489 2168 supra
1531 2097 1711 2150 citato,

524 2259 1054 2316 GENOCOGGUM.
1107 2261 1153 2314 F
1156 2261 1282 2320 ries.

260 2360 417 2416 obs.
492 2358 670 2411 Valde
705 2359 912 2412 invitus
948 2358 1050 2411 hoc
1085 2378 1254 2429 genus
1282 2359 1396 2434 jam
1429 2381 1594 2435 supra
1624 2367 1712 2418 i‘n-

85 2443 170 2484 ter
208 2432 663 2502 Trichospermos
717 2431 833 2483 sive
893 2435 1326 2500 Gasteronqycetes
1363 2438 1613 2487 centrales
1643 2439 1710 2490 ob

87 2503 329 2573 sporidia
359 2504 554 2554 demum
572 2504 910 2569 pulum-acea,
958 2520 1093 2570 quae
1130 2502 1354 2555 unicum
1407 2505 1711 2562 absolutum
1746 2544 1755 2555 .

86 2575 451 2625 characterem
475 2573 620 2624 inter
651 2573 750 2625 hos
783 2572 998 2624 ordines
1036 2573 1286 2635 offerunt,
1323 2574 1564 2629 inserere
1586 2598 1709 2631 coa-

85 2656 199 2697 ctus
238 2643 337 2698 fui.
405 2642 514 2696 Sed
557 2644 719 2696 etiam
750 2643 809 2695 in
845 2643 947 2695 hac
975 2644 1302 2698 evolutionis
1334 2646 1505 2715 serie,
1544 2668 1708 2717 quam

82 2715 240 2768 mire,
262 2713 571 2784 continuat,
621 2733 838 2767 necesse
883 2714 1111 2778 citetur,
1164 2735 1288 2768 cum
1337 2736 1449 2769 non
1495 2730 1707 2774 tantum

82 2786 326 2857 sporidia
366 2785 618 2857 primitus
658 2786 805 2838 intus
844 2786 1211 2855 conglutinata
1241 2787 1376 2852 sint,
1412 2790 1504 2841 sed
1542 2791 1708 2846 etiam

81 2856 419 2926 vegetatione
457 2876 679 2926 prorsus
729 2857 1033 2912 conveniat.
1134 2857 1354 2924 Etiam,
1394 2859 1443 2911 si
1488 2861 1707 2916 habitus

81 2929 260 2982 solum
298 2929 639 2993 consulatur,
678 2928 824 2980 haud
863 2927 1026 2980 facile
1067 2928 1134 2981 in
1168 2929 1278 2982 alio
1320 2929 1513 2983 ordine
1541 2952 1706 3002 quae-

75 3000 248 3054 ratur.
303 2998 414 3052 Nec
434 2998 616 3053 minus
646 2998 877 3070 insignis
909 3010 988 3054 est
1032 3001 1246 3054 Thallus
1275 3001 1703 3072 Racodig‘formis,

1275 3069 1418 3124 P2
