<?xml version="1.0" encoding="UTF-8"?>
<!DOCTYPE html PUBLIC "-//W3C//DTD XHTML 1.0 Transitional//EN"
    "http://www.w3.org/TR/xhtml1/DTD/xhtml1-transitional.dtd">
<html xmlns="http://www.w3.org/1999/xhtml" xml:lang="en" lang="en">
 <head>
  <title>
</title>
<meta http-equiv="Content-Type" content="text/html;charset=utf-8" />
  <meta name='ocr-system' content='tesseract 3.04.00' />
  <meta name='ocr-capabilities' content='ocr_page ocr_carea ocr_par ocr_line ocrx_word'/>
</head>
<body>
  <div class='ocr_page' id='page_1' title='image "./systemamycologic03frie/systemamycologic03frie_0427.png"; bbox 0 0 1887 3255; ppageno 0'>
   <div class='ocr_carea' id='block_1_1' title="bbox 535 118 1657 202">
    <p class='ocr_par' dir='ltr' id='par_1_1' title="bbox 535 118 1657 202">
     <span class='ocr_line' id='line_1_1' title="bbox 535 118 1657 202; baseline -0.015 -20"><span class='ocrx_word' id='word_1_1' title='bbox 535 122 1174 182; x_wconf 84' lang='lat' dir='ltr'>SPOROTRIGHUM.</span> <span class='ocrx_word' id='word_1_2' title='bbox 1280 195 1281 202; x_wconf 8' lang='grc' dir='ltr'>ἵ</span> <span class='ocrx_word' id='word_1_3' title='bbox 1551 118 1657 167; x_wconf 82' lang='grc'><strong>417</strong></span> 
     </span>
    </p>
   </div>
   <div class='ocr_carea' id='block_1_2' title="bbox 50 261 1664 675">
    <p class='ocr_par' dir='ltr' id='par_1_2' title="bbox 94 261 1657 321">
     <span class='ocr_line' id='line_1_2' title="bbox 94 261 1657 321; baseline -0.002 -11"><span class='ocrx_word' id='word_1_4' title='bbox 94 270 159 314; x_wconf 76' lang='grc' dir='ltr'><strong>Β.</strong></span> <span class='ocrx_word' id='word_1_5' title='bbox 190 265 565 314; x_wconf 76' lang='lat' dir='ltr'><strong>cinereo-virens.</strong></span> <span class='ocrx_word' id='word_1_6' title='bbox 623 267 802 312; x_wconf 80' lang='lat' dir='ltr'><strong><em>Kunz.!</em></strong></span> <span class='ocrx_word' id='word_1_7' title='bbox 823 275 862 306; x_wconf 77' lang='lat' dir='ltr'><strong>et</strong></span> <span class='ocrx_word' id='word_1_8' title='bbox 887 267 1087 308; x_wconf 74' lang='lat' dir='ltr'><strong>Schmidt.</strong></span> <span class='ocrx_word' id='word_1_9' title='bbox 1127 268 1247 321; x_wconf 76' lang='lat' dir='ltr'><strong>Myc.</strong></span> <span class='ocrx_word' id='word_1_10' title='bbox 1281 264 1394 316; x_wconf 66' lang='lat' dir='ltr'><strong>Hffl</strong></span> <span class='ocrx_word' id='word_1_11' title='bbox 1438 266 1477 305; x_wconf 90' lang='lat'><strong>1.</strong></span> <span class='ocrx_word' id='word_1_12' title='bbox 1504 276 1554 315; x_wconf 78' lang='lat' dir='ltr'><strong>p.</strong></span> <span class='ocrx_word' id='word_1_13' title='bbox 1582 261 1657 307; x_wconf 87' lang='lat'><strong>82.</strong></span> 
     </span>
    </p>

    <p class='ocr_par' dir='ltr' id='par_1_3' title="bbox 163 324 1316 380">
     <span class='ocr_line' id='line_1_3' title="bbox 163 324 1316 380; baseline -0.004 -13"><span class='ocrx_word' id='word_1_14' title='bbox 163 326 276 367; x_wconf 80' lang='lat' dir='ltr'><strong>Link</strong></span> <span class='ocrx_word' id='word_1_15' title='bbox 305 331 428 380; x_wconf 76' lang='lat' dir='ltr'><strong>Spec.</strong></span> <span class='ocrx_word' id='word_1_16' title='bbox 458 330 500 374; x_wconf 76' lang='lat'><strong>1.</strong></span> <span class='ocrx_word' id='word_1_17' title='bbox 529 341 577 380; x_wconf 79' lang='lat' dir='ltr'><strong>p.</strong></span> <span class='ocrx_word' id='word_1_18' title='bbox 608 324 683 373; x_wconf 78' lang='grc'><strong>56,</strong></span> <span class='ocrx_word' id='word_1_19' title='bbox 713 349 771 359; x_wconf 91' lang='lat'>-</span> <span class='ocrx_word' id='word_1_20' title='bbox 800 327 922 367; x_wconf 76' lang='lat' dir='ltr'><strong>Fries</strong></span> <span class='ocrx_word' id='word_1_21' title='bbox 950 340 1034 372; x_wconf 75' lang='lat' dir='ltr'><strong>exs,</strong></span> <span class='ocrx_word' id='word_1_22' title='bbox 1074 327 1316 366; x_wconf 86' lang='lat' dir='ltr'><strong><em>XXVIII.</em></strong></span> 
     </span>
    </p>

    <p class='ocr_par' dir='ltr' id='par_1_4' title="bbox 50 393 1664 675">
     <span class='ocr_line' id='line_1_4' title="bbox 166 393 1658 465; baseline -0.001 -18"><span class='ocrx_word' id='word_1_23' title='bbox 166 426 169 441; x_wconf 39' lang='grc' dir='ltr'>η</span> <span class='ocrx_word' id='word_1_24' title='bbox 194 395 335 447; x_wconf 60' lang='grc' dir='ltr'><strong>[αἵθ’</strong></span> <span class='ocrx_word' id='word_1_25' title='bbox 361 395 616 456; x_wconf 88' lang='lat' dir='ltr'><strong>effusum,</strong></span> <span class='ocrx_word' id='word_1_26' title='bbox 675 393 741 446; x_wconf 83' lang='lat' dir='ltr'><strong>ad</strong></span> <span class='ocrx_word' id='word_1_27' title='bbox 772 393 809 444; x_wconf 78' lang='lat'>4</span> <span class='ocrx_word' id='word_1_28' title='bbox 845 395 1062 464; x_wconf 84' lang='lat' dir='ltr'>pollices</span> <span class='ocrx_word' id='word_1_29' title='bbox 1099 406 1150 445; x_wconf 88' lang='lat' dir='ltr'><strong>et</strong></span> <span class='ocrx_word' id='word_1_30' title='bbox 1169 393 1313 445; x_wconf 89' lang='lat' dir='ltr'><strong>ultra</strong></span> <span class='ocrx_word' id='word_1_31' title='bbox 1337 411 1658 465; x_wconf 84' lang='lat' dir='ltr'><strong>expansum,</strong></span> 
     </span>
     <span class='ocr_line' id='line_1_5' title="bbox 50 463 1662 540; baseline -0.002 -18"><span class='ocrx_word' id='word_1_32' title='bbox 50 468 225 540; x_wconf 82' lang='lat' dir='ltr'><strong>primo</strong></span> <span class='ocrx_word' id='word_1_33' title='bbox 251 467 388 518; x_wconf 88' lang='lat' dir='ltr'><strong>laete</strong></span> <span class='ocrx_word' id='word_1_34' title='bbox 417 465 631 526; x_wconf 70' lang='lat' dir='ltr'><strong>virens„</strong></span> <span class='ocrx_word' id='word_1_35' title='bbox 664 463 995 531; x_wconf 86' lang='lat' dir='ltr'><strong>velutinum,</strong></span> <span class='ocrx_word' id='word_1_36' title='bbox 1037 464 1364 517; x_wconf 82' lang='lat' dir='ltr'><strong>exsiccatum</strong></span> <span class='ocrx_word' id='word_1_37' title='bbox 1398 465 1662 520; x_wconf 83' lang='lat' dir='ltr'><strong>collabens</strong></span> 
     </span>
     <span class='ocr_line' id='line_1_6' title="bbox 55 534 1662 608; baseline -0.001 -17"><span class='ocrx_word' id='word_1_38' title='bbox 55 551 105 591; x_wconf 86' lang='lat' dir='ltr'><strong>et</strong></span> <span class='ocrx_word' id='word_1_39' title='bbox 141 539 381 603; x_wconf 87' lang='lat' dir='ltr'><strong>fuscum,</strong></span> <span class='ocrx_word' id='word_1_40' title='bbox 425 537 486 588; x_wconf 88' lang='lat' dir='ltr'><strong>in</strong></span> <span class='ocrx_word' id='word_1_41' title='bbox 529 534 812 606; x_wconf 90' lang='lat' dir='ltr'><strong>superficie</strong></span> <span class='ocrx_word' id='word_1_42' title='bbox 861 537 1312 607; x_wconf 83' lang='lat' dir='ltr'><strong>pulverulentum.</strong></span> <span class='ocrx_word' id='word_1_43' title='bbox 1388 534 1506 587; x_wconf 88' lang='lat' dir='ltr'><strong>Diu</strong></span> <span class='ocrx_word' id='word_1_44' title='bbox 1561 556 1662 608; x_wconf 90' lang='lat' dir='ltr'><strong>pro</strong></span> 
     </span>
     <span class='ocr_line' id='line_1_7' title="bbox 53 604 1664 675; baseline -0.002 -13"><span class='ocrx_word' id='word_1_45' title='bbox 53 610 274 663; x_wconf 86' lang='lat' dir='ltr'><strong>Demat.</strong></span> <span class='ocrx_word' id='word_1_46' title='bbox 309 608 608 662; x_wconf 85' lang='lat' dir='ltr'><strong>virescente</strong></span> <span class='ocrx_word' id='word_1_47' title='bbox 643 604 708 658; x_wconf 90' lang='lat' dir='ltr'><strong>P.</strong></span> <span class='ocrx_word' id='word_1_48' title='bbox 744 605 926 659; x_wconf 87' lang='lat' dir='ltr'><strong>habui.</strong></span> <span class='ocrx_word' id='word_1_49' title='bbox 1001 609 1092 660; x_wconf 76' lang='lat' dir='ltr'><strong>Ad</strong></span> <span class='ocrx_word' id='word_1_50' title='bbox 1123 619 1327 660; x_wconf 80' lang='lat' dir='ltr'><strong>truncos</strong></span> <span class='ocrx_word' id='word_1_51' title='bbox 1368 618 1664 675; x_wconf 81' lang='lat' dir='ltr'><strong>putrescen-</strong></span> 
     </span>
    </p>
   </div>
   <div class='ocr_carea' id='block_1_3' title="bbox 54 670 1665 820">
    <p class='ocr_par' dir='ltr' id='par_1_5' title="bbox 54 670 1665 820">
     <span class='ocr_line' id='line_1_8' title="bbox 54 670 1665 820; baseline 0.001 -87"><span class='ocrx_word' id='word_1_52' title='bbox 54 692 156 744; x_wconf 65' lang='grc' dir='ltr'><strong>τρε,</strong></span> <span class='ocrx_word' id='word_1_53' title='bbox 189 670 468 820; x_wconf 53' lang='grc' dir='ltr'><strong>Ρνξιεσίᾔιςε</strong></span> <span class='ocrx_word' id='word_1_54' title='bbox 507 678 758 746; x_wconf 81' lang='lat' dir='ltr'><strong>Betulae,</strong></span> <span class='ocrx_word' id='word_1_55' title='bbox 804 678 861 731; x_wconf 82' lang='lat' dir='ltr'><strong>in</strong></span> <span class='ocrx_word' id='word_1_56' title='bbox 901 680 1198 732; x_wconf 82' lang='lat' dir='ltr'><strong>Smolandia</strong></span> <span class='ocrx_word' id='word_1_57' title='bbox 1246 679 1416 730; x_wconf 85' lang='lat' dir='ltr'><strong>saltim</strong></span> <span class='ocrx_word' id='word_1_58' title='bbox 1450 680 1665 748; x_wconf 79' lang='lat' dir='ltr'><em>copiose.</em></span> 
     </span>
     <span class='ocr_line' id='line_1_9' title="bbox 60 758 412 806; baseline -0.011 0"><span class='ocrx_word' id='word_1_59' title='bbox 60 758 218 806; x_wconf 83' lang='lat' dir='ltr'><em>Vere.</em></span> <span class='ocrx_word' id='word_1_60' title='bbox 279 771 330 804; x_wconf 86' lang='lat' dir='ltr'><strong>v.</strong></span> <span class='ocrx_word' id='word_1_61' title='bbox 359 769 412 802; x_wconf 87' lang='lat' dir='ltr'><strong>v.</strong></span> 
     </span>
    </p>
   </div>
   <div class='ocr_carea' id='block_1_4' title="bbox 56 822 1667 1060">
    <p class='ocr_par' dir='ltr' id='par_1_6' title="bbox 56 822 1667 1060">
     <span class='ocr_line' id='line_1_10' title="bbox 56 822 1666 900; baseline -0.002 -11"><span class='ocrx_word' id='word_1_62' title='bbox 56 837 111 893; x_wconf 81' lang='lat'><strong>4.</strong></span> <span class='ocrx_word' id='word_1_63' title='bbox 207 841 261 889; x_wconf 82' lang='lat' dir='ltr'><strong>S.</strong></span> <span class='ocrx_word' id='word_1_64' title='bbox 292 834 592 900; x_wconf 63' lang='lat' dir='ltr'><strong>alimmum,</strong></span> <span class='ocrx_word' id='word_1_65' title='bbox 624 822 872 899; x_wconf 82' lang='lat' dir='ltr'><strong>effusum,</strong></span> <span class='ocrx_word' id='word_1_66' title='bbox 899 833 1076 885; x_wconf 89' lang='lat' dir='ltr'><strong>floccis</strong></span> <span class='ocrx_word' id='word_1_67' title='bbox 1113 833 1297 884; x_wconf 86' lang='lat' dir='ltr'><strong>erectis</strong></span> <span class='ocrx_word' id='word_1_68' title='bbox 1335 833 1666 886; x_wconf 86' lang='lat' dir='ltr'><strong>subramosis</strong></span> 
     </span>
     <span class='ocr_line' id='line_1_11' title="bbox 200 904 1667 977; baseline 0.001 -20"><span class='ocrx_word' id='word_1_69' title='bbox 200 905 537 958; x_wconf 84' lang='lat' dir='ltr'><strong>brevissimis</strong></span> <span class='ocrx_word' id='word_1_70' title='bbox 576 904 851 966; x_wconf 88' lang='lat' dir='ltr'><strong>olivaceis‚</strong></span> <span class='ocrx_word' id='word_1_71' title='bbox 892 904 1148 977; x_wconf 87' lang='lat' dir='ltr'><strong>sporidiis</strong></span> <span class='ocrx_word' id='word_1_72' title='bbox 1188 904 1424 973; x_wconf 83' lang='lat' dir='ltr'><strong>globosis</strong></span> <span class='ocrx_word' id='word_1_73' title='bbox 1465 904 1667 975; x_wconf 85' lang='lat' dir='ltr'><strong>parvis.</strong></span> 
     </span>
     <span class='ocr_line' id='line_1_12' title="bbox 115 994 1551 1060; baseline -0.001 -11"><span class='ocrx_word' id='word_1_74' title='bbox 115 1007 301 1060; x_wconf 78' lang='lat' dir='ltr'><strong>Botrytis</strong></span> <span class='ocrx_word' id='word_1_75' title='bbox 335 1006 538 1053; x_wconf 69' lang='lat' dir='ltr'><strong>oliv-acea,</strong></span> <span class='ocrx_word' id='word_1_76' title='bbox 608 1005 746 1045; x_wconf 77' lang='lat' dir='ltr'><strong>Link!</strong></span> <span class='ocrx_word' id='word_1_77' title='bbox 781 994 904 1059; x_wconf 63' lang='lat' dir='ltr'><strong>Spec.</strong></span> <span class='ocrx_word' id='word_1_78' title='bbox 939 1009 980 1052; x_wconf 58' lang='lat'><strong>1.</strong></span> <span class='ocrx_word' id='word_1_79' title='bbox 1008 1020 1057 1059; x_wconf 73' lang='lat' dir='ltr'><strong>p,</strong></span> <span class='ocrx_word' id='word_1_80' title='bbox 1088 1004 1161 1051; x_wconf 81' lang='lat'><strong>55,</strong></span> <span class='ocrx_word' id='word_1_81' title='bbox 1196 1005 1292 1048; x_wconf 80' lang='lat' dir='ltr'><strong>Obs,</strong></span> <span class='ocrx_word' id='word_1_82' title='bbox 1329 1008 1369 1049; x_wconf 88' lang='lat'><strong>1.</strong></span> <span class='ocrx_word' id='word_1_83' title='bbox 1395 1020 1445 1058; x_wconf 80' lang='lat' dir='ltr'><strong>p.</strong></span> <span class='ocrx_word' id='word_1_84' title='bbox 1483 1010 1551 1047; x_wconf 90' lang='lat'><strong>12.</strong></span> 
     </span>
    </p>
   </div>
   <div class='ocr_carea' id='block_1_5' title="bbox 61 1087 1673 1304">
    <p class='ocr_par' dir='ltr' id='par_1_7' title="bbox 61 1087 1673 1304">
     <span class='ocr_line' id='line_1_13' title="bbox 201 1087 1671 1153; baseline 0.001 -12"><span class='ocrx_word' id='word_1_85' title='bbox 201 1088 656 1142; x_wconf 83' lang='lat' dir='ltr'><strong>Praecedentibus</strong></span> <span class='ocrx_word' id='word_1_86' title='bbox 700 1087 974 1140; x_wconf 86' lang='lat' dir='ltr'><strong>multoties</strong></span> <span class='ocrx_word' id='word_1_87' title='bbox 1007 1087 1249 1153; x_wconf 87' lang='lat' dir='ltr'><strong>tenuius,</strong></span> <span class='ocrx_word' id='word_1_88' title='bbox 1296 1090 1474 1142; x_wconf 87' lang='lat' dir='ltr'><strong>floccis</strong></span> <span class='ocrx_word' id='word_1_89' title='bbox 1524 1092 1671 1144; x_wconf 82' lang='lat' dir='ltr'><strong>nudo</strong></span> 
     </span>
     <span class='ocr_line' id='line_1_14' title="bbox 63 1159 1671 1225; baseline 0 -11"><span class='ocrx_word' id='word_1_90' title='bbox 63 1162 218 1215; x_wconf 94' lang='lat' dir='ltr'><strong>oculo</strong></span> <span class='ocrx_word' id='word_1_91' title='bbox 254 1180 364 1212; x_wconf 85' lang='lat' dir='ltr'><strong>non</strong></span> <span class='ocrx_word' id='word_1_92' title='bbox 410 1160 809 1225; x_wconf 83' lang='lat' dir='ltr'><strong>discernendis,</strong></span> <span class='ocrx_word' id='word_1_93' title='bbox 866 1159 1096 1211; x_wconf 86' lang='lat' dir='ltr'><strong>maculas</strong></span> <span class='ocrx_word' id='word_1_94' title='bbox 1140 1172 1325 1211; x_wconf 86' lang='lat' dir='ltr'><strong>tenues</strong></span> <span class='ocrx_word' id='word_1_95' title='bbox 1372 1161 1671 1214; x_wconf 84' lang='lat' dir='ltr'><strong>subveluti-</strong></span> 
     </span>
     <span class='ocr_line' id='line_1_15' title="bbox 61 1231 1673 1304; baseline 0.001 -18"><span class='ocrx_word' id='word_1_96' title='bbox 61 1253 161 1286; x_wconf 84' lang='lat' dir='ltr'><strong>nas</strong></span> <span class='ocrx_word' id='word_1_97' title='bbox 198 1233 456 1285; x_wconf 83' lang='lat' dir='ltr'><strong>olivaceas</strong></span> <span class='ocrx_word' id='word_1_98' title='bbox 493 1232 699 1286; x_wconf 77' lang='lat' dir='ltr'><strong>sistens,</strong></span> <span class='ocrx_word' id='word_1_99' title='bbox 778 1231 872 1284; x_wconf 82' lang='lat' dir='ltr'><strong>Ad</strong></span> <span class='ocrx_word' id='word_1_100' title='bbox 886 1241 1090 1282; x_wconf 74' lang='lat' dir='ltr'><strong>truncos</strong></span> <span class='ocrx_word' id='word_1_101' title='bbox 1116 1242 1473 1298; x_wconf 76' lang='lat' dir='ltr'><strong>putrescentes,</strong></span> <span class='ocrx_word' id='word_1_102' title='bbox 1501 1236 1578 1301; x_wconf 86' lang='lat' dir='ltr'><strong>(v.</strong></span> <span class='ocrx_word' id='word_1_103' title='bbox 1602 1237 1673 1304; x_wconf 87' lang='lat' dir='ltr'><strong>S.)</strong></span> 
     </span>
    </p>
   </div>
   <div class='ocr_carea' id='block_1_6' title="bbox 62 1310 1677 1685">
    <p class='ocr_par' dir='ltr' id='par_1_8' title="bbox 62 1310 1677 1544">
     <span class='ocr_line' id='line_1_16' title="bbox 62 1310 1674 1390; baseline -0.001 -19"><span class='ocrx_word' id='word_1_104' title='bbox 62 1317 116 1375; x_wconf 83' lang='lat'><strong>5.</strong></span> <span class='ocrx_word' id='word_1_105' title='bbox 206 1324 260 1371; x_wconf 83' lang='lat' dir='ltr'><strong>S.</strong></span> <span class='ocrx_word' id='word_1_106' title='bbox 297 1318 660 1383; x_wconf 79' lang='lat' dir='ltr'><strong>elaeochroum,</strong></span> <span class='ocrx_word' id='word_1_107' title='bbox 700 1310 1077 1387; x_wconf 74' lang='lat' dir='ltr'><strong>caespititium,</strong></span> <span class='ocrx_word' id='word_1_108' title='bbox 1113 1316 1292 1368; x_wconf 87' lang='lat' dir='ltr'><strong>floccis</strong></span> <span class='ocrx_word' id='word_1_109' title='bbox 1315 1318 1506 1370; x_wconf 85' lang='lat' dir='ltr'><strong>erectis</strong></span> <span class='ocrx_word' id='word_1_110' title='bbox 1535 1337 1674 1390; x_wconf 85' lang='lat' dir='ltr'><strong>vage</strong></span> 
     </span>
     <span class='ocr_line' id='line_1_17' title="bbox 205 1386 1552 1460; baseline 0.002 -20"><span class='ocrx_word' id='word_1_111' title='bbox 205 1389 431 1441; x_wconf 87' lang='lat' dir='ltr'><strong>ramosis</strong></span> <span class='ocrx_word' id='word_1_112' title='bbox 467 1388 749 1451; x_wconf 76' lang='lat' dir='ltr'><strong>olivaoeis,</strong></span> <span class='ocrx_word' id='word_1_113' title='bbox 782 1386 1038 1459; x_wconf 87' lang='lat' dir='ltr'><strong>sporidiis</strong></span> <span class='ocrx_word' id='word_1_114' title='bbox 1070 1387 1304 1456; x_wconf 86' lang='lat' dir='ltr'><strong>globosis</strong></span> <span class='ocrx_word' id='word_1_115' title='bbox 1348 1389 1552 1460; x_wconf 85' lang='lat' dir='ltr'><strong>parvis.</strong></span> 
     </span>
     <span class='ocr_line' id='line_1_18' title="bbox 210 1472 1677 1544; baseline 0.001 -18"><span class='ocrx_word' id='word_1_116' title='bbox 210 1472 483 1544; x_wconf 83' lang='lat' dir='ltr'><strong>Gaespites</strong></span> <span class='ocrx_word' id='word_1_117' title='bbox 515 1474 654 1525; x_wconf 89' lang='lat' dir='ltr'><strong>sistit</strong></span> <span class='ocrx_word' id='word_1_118' title='bbox 690 1472 957 1538; x_wconf 86' lang='lat' dir='ltr'><strong>minutos,</strong></span> <span class='ocrx_word' id='word_1_119' title='bbox 993 1472 1282 1539; x_wconf 83' lang='lat' dir='ltr'><strong>rotundos,</strong></span> <span class='ocrx_word' id='word_1_120' title='bbox 1322 1474 1677 1544; x_wconf 88' lang='lat' dir='ltr'><strong>pulverulen-</strong></span> 
     </span>
    </p>

    <p class='ocr_par' dir='ltr' id='par_1_9' title="bbox 64 1544 1677 1609">
     <span class='ocr_line' id='line_1_19' title="bbox 64 1544 1677 1609; baseline 0 -11"><span class='ocrx_word' id='word_1_121' title='bbox 64 1556 174 1606; x_wconf 86' lang='lat' dir='ltr'><strong>tos,</strong></span> <span class='ocrx_word' id='word_1_122' title='bbox 209 1545 300 1596; x_wconf 85' lang='lat' dir='ltr'><strong>sed</strong></span> <span class='ocrx_word' id='word_1_123' title='bbox 334 1544 496 1596; x_wconf 88' lang='lat' dir='ltr'><strong>etiam</strong></span> <span class='ocrx_word' id='word_1_124' title='bbox 528 1545 673 1596; x_wconf 85' lang='lat' dir='ltr'><strong>nudo</strong></span> <span class='ocrx_word' id='word_1_125' title='bbox 710 1545 866 1596; x_wconf 90' lang='lat' dir='ltr'><strong>oculo</strong></span> <span class='ocrx_word' id='word_1_126' title='bbox 903 1545 1186 1609; x_wconf 86' lang='lat' dir='ltr'><strong>floccosos‚</strong></span> <span class='ocrx_word' id='word_1_127' title='bbox 1225 1551 1254 1608; x_wconf 59' lang='grc' dir='ltr'><strong>ΞΣ</strong></span> <span class='ocrx_word' id='word_1_128' title='bbox 1288 1545 1385 1597; x_wconf 80' lang='lat' dir='ltr'><strong>lin.</strong></span> <span class='ocrx_word' id='word_1_129' title='bbox 1423 1547 1587 1607; x_wconf 83' lang='lat' dir='ltr'><strong>latos,</strong></span> <span class='ocrx_word' id='word_1_130' title='bbox 1624 1558 1677 1598; x_wconf 87' lang='lat' dir='ltr'><strong>at</strong></span> 
     </span>
    </p>

    <p class='ocr_par' dir='ltr' id='par_1_10' title="bbox 66 1613 1675 1685">
     <span class='ocr_line' id='line_1_20' title="bbox 66 1613 1675 1685; baseline 0 -17"><span class='ocrx_word' id='word_1_131' title='bbox 66 1616 228 1668; x_wconf 83' lang='lat' dir='ltr'><strong>facile</strong></span> <span class='ocrx_word' id='word_1_132' title='bbox 254 1616 598 1668; x_wconf 87' lang='lat' dir='ltr'><strong>confluentes.</strong></span> <span class='ocrx_word' id='word_1_133' title='bbox 663 1614 826 1666; x_wconf 83' lang='lat' dir='ltr'><strong>Rami</strong></span> <span class='ocrx_word' id='word_1_134' title='bbox 857 1613 1117 1681; x_wconf 84' lang='lat' dir='ltr'><strong>elongati,</strong></span> <span class='ocrx_word' id='word_1_135' title='bbox 1156 1614 1547 1685; x_wconf 88' lang='lat' dir='ltr'><strong>subsimplices‚</strong></span> <span class='ocrx_word' id='word_1_136' title='bbox 1586 1636 1675 1668; x_wconf 86' lang='lat' dir='ltr'><strong>ae-</strong></span> 
     </span>
    </p>
   </div>
   <div class='ocr_carea' id='block_1_7' title="bbox 66 1684 1677 1826">
    <p class='ocr_par' dir='ltr' id='par_1_11' title="bbox 66 1684 1677 1826">
     <span class='ocr_line' id='line_1_21' title="bbox 68 1684 1677 1757; baseline 0.001 -19"><span class='ocrx_word' id='word_1_137' title='bbox 68 1688 270 1757; x_wconf 81' lang='lat' dir='ltr'><strong>qualeS.</strong></span> <span class='ocrx_word' id='word_1_138' title='bbox 341 1687 434 1739; x_wconf 78' lang='lat' dir='ltr'><strong>Ad</strong></span> <span class='ocrx_word' id='word_1_139' title='bbox 456 1691 712 1738; x_wconf 80' lang='lat' dir='ltr'><strong>Rosarum</strong></span> <span class='ocrx_word' id='word_1_140' title='bbox 740 1704 789 1738; x_wconf 86' lang='grc' dir='ltr'><strong>υ.</strong></span> <span class='ocrx_word' id='word_1_141' title='bbox 826 1705 871 1739; x_wconf 82' lang='grc' dir='ltr'><strong>ο.</strong></span> <span class='ocrx_word' id='word_1_142' title='bbox 908 1689 980 1738; x_wconf 82' lang='lat' dir='ltr'><strong>R.</strong></span> <span class='ocrx_word' id='word_1_143' title='bbox 1015 1684 1308 1754; x_wconf 67' lang='lat' dir='ltr'><strong>pomiferae</strong></span> <span class='ocrx_word' id='word_1_144' title='bbox 1336 1686 1542 1754; x_wconf 74' lang='lat' dir='ltr'><strong>fructus</strong></span> <span class='ocrx_word' id='word_1_145' title='bbox 1576 1708 1677 1756; x_wconf 80' lang='lat' dir='ltr'><strong>pu-</strong></span> 
     </span>
     <span class='ocr_line' id='line_1_22' title="bbox 66 1758 860 1826; baseline -0.001 -15"><span class='ocrx_word' id='word_1_146' title='bbox 66 1768 337 1812; x_wconf 75' lang='lat' dir='ltr'><strong>trescentes</strong></span> <span class='ocrx_word' id='word_1_147' title='bbox 380 1769 634 1810; x_wconf 82' lang='lat' dir='ltr'><strong>autumno.</strong></span> <span class='ocrx_word' id='word_1_148' title='bbox 671 1759 749 1825; x_wconf 87' lang='lat' dir='ltr'><strong>(v.</strong></span> <span class='ocrx_word' id='word_1_149' title='bbox 779 1758 860 1826; x_wconf 88' lang='lat' dir='ltr'><strong>v.)</strong></span> 
     </span>
    </p>
   </div>
   <div class='ocr_carea' id='block_1_8' title="bbox 69 1840 1682 2055">
    <p class='ocr_par' dir='ltr' id='par_1_12' title="bbox 69 1840 1682 2055">
     <span class='ocr_line' id='line_1_23' title="bbox 69 1840 1680 1913; baseline -0.001 -16"><span class='ocrx_word' id='word_1_150' title='bbox 69 1845 122 1900; x_wconf 82' lang='lat'><strong>6.</strong></span> <span class='ocrx_word' id='word_1_151' title='bbox 213 1843 316 1897; x_wconf 79' lang='lat' dir='ltr'><strong>S.?</strong></span> <span class='ocrx_word' id='word_1_152' title='bbox 371 1842 713 1909; x_wconf 69' lang='lat' dir='ltr'><strong>turbinatam,</strong></span> <span class='ocrx_word' id='word_1_153' title='bbox 766 1840 942 1893; x_wconf 78' lang='lat' dir='ltr'><strong>floccis</strong></span> <span class='ocrx_word' id='word_1_154' title='bbox 990 1840 1051 1892; x_wconf 85' lang='lat' dir='ltr'><strong>in</strong></span> <span class='ocrx_word' id='word_1_155' title='bbox 1105 1842 1459 1913; x_wconf 83' lang='lat' dir='ltr'><strong>caespitulum</strong></span> <span class='ocrx_word' id='word_1_156' title='bbox 1504 1845 1680 1896; x_wconf 85' lang='lat' dir='ltr'><strong>turbi-</strong></span> 
     </span>
     <span class='ocr_line' id='line_1_24' title="bbox 212 1912 1682 1986; baseline 0.002 -21"><span class='ocrx_word' id='word_1_157' title='bbox 212 1925 402 1965; x_wconf 87' lang='lat' dir='ltr'><strong>natum</strong></span> <span class='ocrx_word' id='word_1_158' title='bbox 435 1912 699 1981; x_wconf 84' lang='lat' dir='ltr'><strong>congestis</strong></span> <span class='ocrx_word' id='word_1_159' title='bbox 731 1912 1011 1981; x_wconf 82' lang='lat' dir='ltr'><strong>fastigiatis</strong></span> <span class='ocrx_word' id='word_1_160' title='bbox 1047 1913 1263 1980; x_wconf 83' lang='lat' dir='ltr'><strong>caesiis,</strong></span> <span class='ocrx_word' id='word_1_161' title='bbox 1300 1915 1555 1986; x_wconf 90' lang='lat' dir='ltr'><strong>sporidiis</strong></span> <span class='ocrx_word' id='word_1_162' title='bbox 1589 1936 1682 1969; x_wconf 88' lang='lat' dir='ltr'><strong>ro-</strong></span> 
     </span>
     <span class='ocr_line' id='line_1_25' title="bbox 212 1983 1064 2055; baseline -0.001 -19"><span class='ocrx_word' id='word_1_163' title='bbox 212 1984 396 2036; x_wconf 87' lang='lat' dir='ltr'><strong>tundis</strong></span> <span class='ocrx_word' id='word_1_164' title='bbox 430 1983 770 2055; x_wconf 81' lang='lat' dir='ltr'><strong>subcapitatis</strong></span> <span class='ocrx_word' id='word_1_165' title='bbox 805 1983 1064 2035; x_wconf 86' lang='lat' dir='ltr'><strong>candidis.</strong></span> 
     </span>
    </p>
   </div>
   <div class='ocr_carea' id='block_1_9' title="bbox 24 2070 1686 2698">
    <p class='ocr_par' dir='ltr' id='par_1_13' title="bbox 127 2070 1684 2128">
     <span class='ocr_line' id='line_1_26' title="bbox 127 2070 1684 2128; baseline 0.001 -16"><span class='ocrx_word' id='word_1_166' title='bbox 127 2072 337 2124; x_wconf 79' lang='lat' dir='ltr'><strong>Polyactis</strong></span> <span class='ocrx_word' id='word_1_167' title='bbox 377 2070 597 2128; x_wconf 72' lang='lat' dir='ltr'><strong>turbinata.</strong></span> <span class='ocrx_word' id='word_1_168' title='bbox 654 2074 800 2115; x_wconf 80' lang='lat' dir='ltr'><strong><em>Kunz.</em></strong></span> <span class='ocrx_word' id='word_1_169' title='bbox 839 2079 880 2111; x_wconf 81' lang='lat' dir='ltr'><strong>et</strong></span> <span class='ocrx_word' id='word_1_170' title='bbox 918 2070 1104 2111; x_wconf 75' lang='lat' dir='ltr'><strong>Schmidt</strong></span> <span class='ocrx_word' id='word_1_171' title='bbox 1139 2073 1259 2127; x_wconf 76' lang='lat' dir='ltr'><strong>Myc.</strong></span> <span class='ocrx_word' id='word_1_172' title='bbox 1292 2073 1402 2125; x_wconf 71' lang='lat' dir='ltr'><strong>qut</strong></span> <span class='ocrx_word' id='word_1_173' title='bbox 1444 2077 1488 2119; x_wconf 87' lang='lat'><strong>1.</strong></span> <span class='ocrx_word' id='word_1_174' title='bbox 1515 2089 1565 2128; x_wconf 72' lang='lat' dir='ltr'><strong>p,</strong></span> <span class='ocrx_word' id='word_1_175' title='bbox 1607 2074 1684 2122; x_wconf 75' lang='lat'><strong>83.</strong></span> 
     </span>
    </p>

    <p class='ocr_par' dir='ltr' id='par_1_14' title="bbox 180 2130 956 2183">
     <span class='ocr_line' id='line_1_27' title="bbox 180 2130 956 2183; baseline -0.001 -12"><span class='ocrx_word' id='word_1_176' title='bbox 180 2130 383 2182; x_wconf 82' lang='lat' dir='ltr'><strong>Botrytis.</strong></span> <span class='ocrx_word' id='word_1_177' title='bbox 437 2131 548 2170; x_wconf 76' lang='lat' dir='ltr'><strong>Link</strong></span> <span class='ocrx_word' id='word_1_178' title='bbox 576 2133 699 2183; x_wconf 83' lang='lat' dir='ltr'><strong>Spec.</strong></span> <span class='ocrx_word' id='word_1_179' title='bbox 735 2133 776 2176; x_wconf 69' lang='lat'><strong>1,</strong></span> <span class='ocrx_word' id='word_1_180' title='bbox 800 2144 850 2182; x_wconf 63' lang='lat' dir='ltr'><strong>p.</strong></span> <span class='ocrx_word' id='word_1_181' title='bbox 879 2130 956 2176; x_wconf 77' lang='lat'><strong>60.</strong></span> 
     </span>
    </p>

    <p class='ocr_par' dir='ltr' id='par_1_15' title="bbox 24 2198 1686 2698">
     <span class='ocr_line' id='line_1_28' title="bbox 213 2198 1683 2269; baseline 0.001 -16"><span class='ocrx_word' id='word_1_182' title='bbox 213 2200 400 2253; x_wconf 88' lang='lat' dir='ltr'><strong>Flocci</strong></span> <span class='ocrx_word' id='word_1_183' title='bbox 455 2201 703 2253; x_wconf 84' lang='lat' dir='ltr'><strong>coeruleo</strong></span> <span class='ocrx_word' id='word_1_184' title='bbox 737 2236 764 2244; x_wconf 91' lang='lat'>-</span> <span class='ocrx_word' id='word_1_185' title='bbox 794 2198 1024 2262; x_wconf 88' lang='lat' dir='ltr'><strong>cinerei,</strong></span> <span class='ocrx_word' id='word_1_186' title='bbox 1088 2199 1292 2251; x_wconf 89' lang='lat' dir='ltr'><strong>lineam</strong></span> <span class='ocrx_word' id='word_1_187' title='bbox 1346 2199 1683 2269; x_wconf 85' lang='lat' dir='ltr'><strong>attingentes,</strong></span> 
     </span>
     <span class='ocr_line' id='line_1_29' title="bbox 72 2271 1686 2341; baseline 0 -16"><span class='ocrx_word' id='word_1_188' title='bbox 72 2271 192 2325; x_wconf 88' lang='lat' dir='ltr'><strong>basi</strong></span> <span class='ocrx_word' id='word_1_189' title='bbox 234 2271 575 2334; x_wconf 83' lang='lat' dir='ltr'><strong>condensati,</strong></span> <span class='ocrx_word' id='word_1_190' title='bbox 616 2290 685 2323; x_wconf 86' lang='lat' dir='ltr'><strong>ex</strong></span> <span class='ocrx_word' id='word_1_191' title='bbox 718 2289 827 2323; x_wconf 89' lang='lat' dir='ltr'><strong>uno</strong></span> <span class='ocrx_word' id='word_1_192' title='bbox 867 2281 1061 2341; x_wconf 89' lang='lat' dir='ltr'><strong>puncto</strong></span> <span class='ocrx_word' id='word_1_193' title='bbox 1101 2271 1254 2340; x_wconf 83' lang='lat' dir='ltr'><strong>quasi</strong></span> <span class='ocrx_word' id='word_1_194' title='bbox 1293 2272 1522 2339; x_wconf 83' lang='lat' dir='ltr'><strong>egressi,</strong></span> <span class='ocrx_word' id='word_1_195' title='bbox 1562 2291 1686 2325; x_wconf 89' lang='lat' dir='ltr'><strong>sur-</strong></span> 
     </span>
     <span class='ocr_line' id='line_1_30' title="bbox 74 2340 1685 2414; baseline -0.001 -18"><span class='ocrx_word' id='word_1_196' title='bbox 74 2364 195 2397; x_wconf 87' lang='lat' dir='ltr'><strong>sum</strong></span> <span class='ocrx_word' id='word_1_197' title='bbox 240 2342 490 2413; x_wconf 85' lang='lat' dir='ltr'><strong>expansi‚</strong></span> <span class='ocrx_word' id='word_1_198' title='bbox 546 2343 807 2396; x_wconf 81' lang='lat' dir='ltr'><strong>laxiores.</strong></span> <span class='ocrx_word' id='word_1_199' title='bbox 885 2340 1142 2413; x_wconf 84' lang='lat' dir='ltr'><strong>Sporidia</strong></span> <span class='ocrx_word' id='word_1_200' title='bbox 1177 2342 1350 2395; x_wconf 82' lang='lat' dir='ltr'><strong>nitida</strong></span> <span class='ocrx_word' id='word_1_201' title='bbox 1399 2363 1427 2395; x_wconf 91' lang='lat' dir='ltr'><strong>e</strong></span> <span class='ocrx_word' id='word_1_202' title='bbox 1464 2357 1685 2414; x_wconf 88' lang='lat' dir='ltr'><strong>vegeta-</strong></span> 
     </span>
     <span class='ocr_line' id='line_1_31' title="bbox 73 2413 1684 2485; baseline 0.001 -18"><span class='ocrx_word' id='word_1_203' title='bbox 73 2415 219 2467; x_wconf 85' lang='lat' dir='ltr'><strong>tione</strong></span> <span class='ocrx_word' id='word_1_204' title='bbox 254 2414 488 2466; x_wconf 82' lang='lat' dir='ltr'><strong>indicata</strong></span> <span class='ocrx_word' id='word_1_205' title='bbox 525 2414 695 2483; x_wconf 85' lang='lat' dir='ltr'><strong>magis</strong></span> <span class='ocrx_word' id='word_1_206' title='bbox 738 2413 1074 2485; x_wconf 84' lang='lat' dir='ltr'><strong>peripherica</strong></span> <span class='ocrx_word' id='word_1_207' title='bbox 1124 2415 1376 2467; x_wconf 85' lang='lat' dir='ltr'><strong>evadunt.</strong></span> <span class='ocrx_word' id='word_1_208' title='bbox 1448 2416 1531 2467; x_wconf 93' lang='lat' dir='ltr'><strong>Ad</strong></span> <span class='ocrx_word' id='word_1_209' title='bbox 1581 2416 1684 2468; x_wconf 90' lang='lat' dir='ltr'><strong>hoc</strong></span> 
     </span>
     <span class='ocr_line' id='line_1_32' title="bbox 24 2486 1685 2556; baseline 0.001 -19"><span class='ocrx_word' id='word_1_210' title='bbox 24 2511 34 2522; x_wconf 94' lang='lat'>·</span> <span class='ocrx_word' id='word_1_211' title='bbox 75 2505 244 2556; x_wconf 85' lang='lat' dir='ltr'><strong>genus</strong></span> <span class='ocrx_word' id='word_1_212' title='bbox 283 2486 445 2537; x_wconf 86' lang='lat' dir='ltr'><strong>retuli</strong></span> <span class='ocrx_word' id='word_1_213' title='bbox 484 2486 550 2537; x_wconf 93' lang='lat' dir='ltr'><strong>ob</strong></span> <span class='ocrx_word' id='word_1_214' title='bbox 598 2487 915 2537; x_wconf 86' lang='lat' dir='ltr'><strong>affinitatem</strong></span> <span class='ocrx_word' id='word_1_215' title='bbox 953 2504 1074 2536; x_wconf 89' lang='lat' dir='ltr'><strong>cum</strong></span> <span class='ocrx_word' id='word_1_216' title='bbox 1128 2490 1181 2538; x_wconf 88' lang='lat' dir='ltr'><strong>S.</strong></span> <span class='ocrx_word' id='word_1_217' title='bbox 1213 2487 1432 2538; x_wconf 81' lang='lat' dir='ltr'><strong>candido</strong></span> <span class='ocrx_word' id='word_1_218' title='bbox 1469 2498 1520 2537; x_wconf 88' lang='lat' dir='ltr'><strong>et</strong></span> <span class='ocrx_word' id='word_1_219' title='bbox 1554 2506 1685 2538; x_wconf 90' lang='lat' dir='ltr'><strong>ean-</strong></span> 
     </span>
     <span class='ocr_line' id='line_1_33' title="bbox 75 2556 1685 2628; baseline -0.001 -19"><span class='ocrx_word' id='word_1_220' title='bbox 75 2559 199 2609; x_wconf 86' lang='lat' dir='ltr'><strong>dem</strong></span> <span class='ocrx_word' id='word_1_221' title='bbox 233 2556 461 2608; x_wconf 87' lang='lat' dir='ltr'><strong>formam</strong></span> <span class='ocrx_word' id='word_1_222' title='bbox 479 2557 534 2607; x_wconf 89' lang='lat' dir='ltr'><strong>in</strong></span> <span class='ocrx_word' id='word_1_223' title='bbox 572 2557 748 2628; x_wconf 89' lang='lat' dir='ltr'><strong>specie</strong></span> <span class='ocrx_word' id='word_1_224' title='bbox 775 2556 1005 2626; x_wconf 82' lang='lat' dir='ltr'><strong>quadam</strong></span> <span class='ocrx_word' id='word_1_225' title='bbox 1035 2574 1196 2617; x_wconf 85' lang='lat' dir='ltr'><strong>aurea</strong></span> <span class='ocrx_word' id='word_1_226' title='bbox 1217 2557 1352 2613; x_wconf 87' lang='lat' dir='ltr'><strong>vidi.</strong></span> <span class='ocrx_word' id='word_1_227' title='bbox 1427 2559 1519 2611; x_wconf 82' lang='lat' dir='ltr'><strong>Ad</strong></span> <span class='ocrx_word' id='word_1_228' title='bbox 1537 2559 1685 2626; x_wconf 80' lang='lat' dir='ltr'><strong>ligna</strong></span> 
     </span>
     <span class='ocr_line' id='line_1_34' title="bbox 44 2627 708 2698; baseline 0.003 -19"><span class='ocrx_word' id='word_1_229' title='bbox 44 2687 48 2691; x_wconf 43' lang='grc'><em>,</em></span> <span class='ocrx_word' id='word_1_230' title='bbox 68 2629 230 2698; x_wconf 82' lang='lat' dir='ltr'><strong>pinea</strong></span> <span class='ocrx_word' id='word_1_231' title='bbox 260 2627 475 2695; x_wconf 78' lang='lat' dir='ltr'><strong>Lipsiae</strong></span> <span class='ocrx_word' id='word_1_232' title='bbox 510 2629 708 2682; x_wconf 79' lang='lat' dir='ltr'><strong>lectum.</strong></span> 
     </span>
    </p>
   </div>
   <div class='ocr_carea' id='block_1_10' title="bbox 77 2723 1684 2868">
    <p class='ocr_par' dir='ltr' id='par_1_16' title="bbox 77 2723 1684 2868">
     <span class='ocr_line' id='line_1_35' title="bbox 279 2723 1684 2799; baseline 0.002 -23"><span class='ocrx_word' id='word_1_233' title='bbox 279 2723 312 2757; x_wconf 46' lang='grc' dir='ltr'><strong>ἦε</strong></span> <span class='ocrx_word' id='word_1_234' title='bbox 338 2723 372 2759; x_wconf 60' lang='lat'><strong>³²⁴⁵</strong></span> <span class='ocrx_word' id='word_1_235' title='bbox 418 2726 615 2778; x_wconf 62' lang='lat' dir='ltr'><strong>Flos-cis</strong></span> <span class='ocrx_word' id='word_1_236' title='bbox 671 2725 851 2778; x_wconf 77' lang='lat' dir='ltr'><strong>erectis</strong></span> <span class='ocrx_word' id='word_1_237' title='bbox 900 2725 1160 2793; x_wconf 81' lang='lat' dir='ltr'><strong>&lt;sporidiis</strong></span> <span class='ocrx_word' id='word_1_238' title='bbox 1213 2727 1490 2799; x_wconf 73' lang='lat' dir='ltr'><strong>immixtis)</strong></span> <span class='ocrx_word' id='word_1_239' title='bbox 1549 2728 1684 2780; x_wconf 83' lang='lat' dir='ltr'><strong>laete</strong></span> 
     </span>
     <span class='ocr_line' id='line_1_36' title="bbox 77 2795 1285 2868; baseline 0 -17"><span class='ocrx_word' id='word_1_240' title='bbox 77 2795 316 2852; x_wconf 81' lang='lat' dir='ltr'><strong>coloratis</strong></span> <span class='ocrx_word' id='word_1_241' title='bbox 355 2795 528 2865; x_wconf 74' lang='lat' dir='ltr'><strong>(rzfi3‚</strong></span> <span class='ocrx_word' id='word_1_242' title='bbox 568 2797 760 2864; x_wconf 79' lang='lat' dir='ltr'><strong>rubris,</strong></span> <span class='ocrx_word' id='word_1_243' title='bbox 802 2797 971 2862; x_wconf 72' lang='lat' dir='ltr'><strong>luteiS,</strong></span> <span class='ocrx_word' id='word_1_244' title='bbox 1012 2798 1285 2868; x_wconf 79' lang='lat' dir='ltr'><strong>candidis).</strong></span> 
     </span>
    </p>
   </div>
   <div class='ocr_carea' id='block_1_11' title="bbox 75 2894 1679 3042">
    <p class='ocr_par' dir='ltr' id='par_1_17' title="bbox 75 2894 1679 3042">
     <span class='ocr_line' id='line_1_37' title="bbox 75 2894 1679 2965; baseline 0.001 -15"><span class='ocrx_word' id='word_1_245' title='bbox 75 2900 130 2956; x_wconf 91' lang='grc'><strong>7.</strong></span> <span class='ocrx_word' id='word_1_246' title='bbox 224 2902 280 2950; x_wconf 83' lang='lat' dir='ltr'><strong>S.</strong></span> <span class='ocrx_word' id='word_1_247' title='bbox 315 2895 686 2962; x_wconf 73' lang='lat' dir='ltr'><strong>rubiginosum,</strong></span> <span class='ocrx_word' id='word_1_248' title='bbox 728 2894 904 2948; x_wconf 89' lang='lat' dir='ltr'><strong>floccis</strong></span> <span class='ocrx_word' id='word_1_249' title='bbox 939 2895 1243 2948; x_wconf 85' lang='lat' dir='ltr'><strong>intertextis</strong></span> <span class='ocrx_word' id='word_1_250' title='bbox 1278 2914 1415 2965; x_wconf 83' lang='lat' dir='ltr'><strong>vage</strong></span> <span class='ocrx_word' id='word_1_251' title='bbox 1449 2896 1679 2951; x_wconf 85' lang='lat' dir='ltr'><strong>ramosis</strong></span> 
     </span>
     <span class='ocr_line' id='line_1_38' title="bbox 211 2966 1588 3042; baseline 0.001 -19"><span class='ocrx_word' id='word_1_252' title='bbox 211 2967 571 3042; x_wconf 76' lang='lat' dir='ltr'><strong>sporidiisque</strong></span> <span class='ocrx_word' id='word_1_253' title='bbox 602 2967 814 3039; x_wconf 83' lang='lat' dir='ltr'><strong>magnis</strong></span> <span class='ocrx_word' id='word_1_254' title='bbox 849 2966 1198 3023; x_wconf 84' lang='lat' dir='ltr'><strong>subovalibus</strong></span> <span class='ocrx_word' id='word_1_255' title='bbox 1233 2967 1588 3039; x_wconf 77' lang='lat' dir='ltr'><strong>rubiginosis,</strong></span> 
     </span>
    </p>
   </div>
  </div>
 </body>
</html>
