1887 3255
686 103 1039 159 OEDEMIU
1049 102 1126 161 M.
1615 97 1723 152 345

147 255 196 298 G.
222 259 370 295 ulrum.
425 252 564 293 Corda
592 251 639 290 in
667 253 824 294 Sim-m.
869 250 902 294 l.
943 264 979 293 c,
1014 250 1122 299 Hes!
1160 249 1206 290 6.
1252 253 1284 288 1.
1318 247 1359 284 9.
1428 244 1524 291 Ipso
1569 245 1714 282 obser-

198 319 321 349 vante
347 315 549 350 recedere
574 309 685 349 Link
710 308 831 360 Spe-c.
885 312 924 351 1,
953 322 1001 359 p.
1035 307 1108 347 42.
1180 353 1183 356 ἱ

235 394 248 427 ῑ.
279 380 400 431 olor
428 393 542 432 ater
574 391 624 430 et
648 377 865 429 habitus
887 376 1270 428 Racodiaceus.
1320 370 1524 423 Fibrae
1549 370 1713 423 dense

82 464 437 520 aggregatae,
488 448 908 513 erectiusculae,
962 447 1062 500 vix
1107 462 1381 504 ramosae,
1436 460 1536 493 nec
1578 461 1711 494 vere

80 534 346 594 septatae,
381 522 473 575 sed
503 534 561 573 ut
597 519 786 574 variae
824 518 985 593 hujus
1015 517 1177 570 seriei
1215 516 1442 567 obscuro
1475 514 1710 564 annula-

79 605 194 655 tae,
244 594 305 646 in
348 605 649 647 tomentum
711 591 938 643 densum
995 600 1291 642 contextae.
1386 588 1586 656 Sporae
1641 585 1708 637 ad

75 665 251 718 Iaera
299 666 552 729 adnatae,
607 681 832 734 prorsus
886 662 1126 724 sessiles‚
1189 659 1288 712 sub
1345 657 1706 728 microscopio

77 756 416 808 compressae
474 734 727 786 emittunt
789 735 1030 804 sporidia
1094 730 1399 793 indefinita,
1455 729 1702 799 globosa,

70 808 364 880 pellucida.
445 811 512 859 In
549 806 692 873 ligno
724 806 1039 859 decorticata
1077 803 1230 870 Fagi.
1268 803 1346 871 (V.
1380 800 1451 853 ic.
1484 820 1556 853 ex
1595 820 1701 871 qua

69 879 296 952 recepi.)

67 979 121 1032 2.
215 983 279 1033 0.
332 995 616 1041 ramorum,
665 973 821 1026 fibris
866 973 1100 1026 ramosis
1142 969 1414 1026 intricatis
1463 969 1694 1035 diffusis,

167 1066 170 1067 ’
214 1048 391 1121 sporis
431 1045 664 1118 globosis
700 1046 1058 1119 pedicellatis.

123 1151 356 1190 Racodium
382 1163 604 1190 ramorum.
647 1146 884 1194 Schwez'n,!
931 1151 1028 1191 Car.
1063 1161 1109 1191 n.
1146 1142 1275 1190 1362.

206 1218 252 1271 F
257 1220 409 1272 ibrae
448 1220 751 1289 contiguae,
786 1237 998 1290 opacae,
1043 1218 1252 1287 nigrae,
1287 1226 1494 1277 tenueS,
1532 1232 1694 1285 parce

64 1309 341 1358 ramosae,
379 1305 613 1344 crustam
640 1304 859 1342 tenuem
896 1302 1245 1342 tomentosam
1281 1287 1348 1339 ac]
1380 1287 1416 1338 4
1449 1306 1571 1340 unc.
1599 1305 1692 1337 us-

66 1383 166 1432 que
209 1382 504 1433 expansam
549 1363 770 1424 sistunt3
828 1361 1038 1413 fertiles
1086 1371 1333 1430 surgunt.
1409 1356 1619 1429 Sporae
1662 1376 1691 1409 e

63 1435 236 1486 latere
273 1438 567 1487 floccorum
608 1434 876 1499 breviter,
924 1445 976 1484 at
1010 1432 1290 1486 evidenter
1319 1430 1686 1502 pedicellatae,
1739 1458 1744 1463 ·

63 1525 231 1574 quare
266 1507 572 1558 secedentes
594 1505 1047 1577 appendiculatae,
1089 1522 1299 1575 opacae,
1340 1503 1548 1570 nigrae,
1590 1521 1688 1552 ex-

61 1590 174 1629 acte
205 1578 486 1646 globosae,
528 1578 587 1628 in
619 1595 755 1645 aqua
792 1595 926 1629 vero
955 1587 1293 1627 secernentes
1319 1573 1556 1643 sporidia
1582 1572 1686 1623 mi-

58 1662 216 1711 nuta,
279 1649 751 1713 numerosissima,
811 1647 1063 1717 globosa,
1131 1645 1428 1717 pellucida,
1490 1643 1686 1714 quibus

60 1720 327 1773 evacuatis
365 1740 556 1791 sperae
589 1721 1032 1772 membranaceae
1057 1718 1371 1790 pellucidae.
1451 1719 1498 1769 A
1527 1734 1686 1787 prae-

58 1792 277 1843 cedente
315 1793 499 1845 differt
532 1805 592 1844 ut
628 1795 923 1861 Ilffycogone
961 1811 989 1843 a
1024 1790 1330 1859 Sepedom‘o,
1373 1789 1466 1843 sed
1492 1788 1540 1840 si
1573 1800 1686 1839 tam

56 1863 331 1916 subtiliter
366 1884 565 1933 genera
601 1863 1011 1933 distinguimus,
1046 1863 1260 1932 singula
1296 1862 1534 1929 genuina
1561 1878 1684 1931 spe-

55 1936 163 1987 cies
200 1937 475 2006 peculiare
528 1955 715 2002 genus,
790 1935 883 1987 Ad
917 1953 1085 1985 ramos
1121 1935 1257 1986 vivos
1292 1933 1585 2004 Quercuum
1632 1941 1683 1982 et

54 2008 416 2059 Andromedae
453 2008 699 2058 arboreae
740 2006 795 2055 in
846 2006 1105 2061 Garolina.
1143 2016 1219 2074 (v.
1254 2009 1321 2075 s.)

50 2109 100 2159 3.
200 2111 262 2160 Ο.
312 2116 632 2169 truncorum,
688 2102 842 2155 fibris
879 2103 1105 2155 ramosis
1145 2102 1442 2171 intricatis‚
1500 2100 1678 2173 sporis

192 2177 431 2245 globosis
472 2177 616 2228 haud
655 2175 1103 2247 appendiculatiS.

189 2262 522 2314 Luculenter
558 2259 805 2331 priorum
841 2280 1111 2330 congener
1146 2280 1306 2312 sensu
1346 2273 1563 2326 nostro,
1621 2272 1674 2310 at

48 2352 235 2406 sporas
283 2355 393 2386 non
450 2334 698 2397 adnatas,
761 2332 854 2384 sed
906 2332 1180 2403 inspersas
1225 2331 1370 2398 vidi,
1418 2349 1673 2402 magnas,

48 2425 264 2477 opacas,
299 2417 486 2458 exacte
520 2404 793 2475 globosas,
844 2405 1096 2474 sporidiis
1130 2405 1358 2467 faretras,
1410 2404 1503 2457 sed
1538 2404 1673 2454 haec

43 2497 158 2529 non
192 2479 267 2529 ita
306 2478 465 2529 facile
502 2476 773 2531 secedunt.
849 2476 1007 2528 Nudo
1039 2477 1194 2529 oculo
1228 2477 1372 2529 sistit
1411 2474 1672 2546 caespites

42 2549 310 2616 minutos,
350 2548 737 2609 subrotundOS‚
786 2547 1130 2618 pulvinatos,
1183 2547 1704 2618 floccoso-pulve-.

44 2640 257 2686 raceos,
301 2639 521 2691 opacos,
561 2632 732 2679 atros,
772 2619 964 2671 habitu
1007 2621 1277 2689 sequentis
1311 2620 1554 2689 generis,
1610 2637 1666 2670 v.

43 2713 85 2745 c.
131 2692 467 2761 ,Μμΐοίνίσῖιὶ
516 2693 813 2744 chartarum
883 2691 1146 2746 destructi.
1229 2694 1320 2746 Ad
1372 2703 1667 2743 truncorum

43 2783 301 2815 caesorum
337 2763 518 2817 ᾱίεοοε.
589 2767 641 2814 Ε
677 2763 957 2817 Germania
984 2763 1122 2815 misit
1150 2763 1244 2818 Fr.
1279 2763 1436 2816 Nees.
1482 2765 1560 2828 (V.
1597 2764 1664 2827 S.)

157 2862 388 2912 Descriptio
421 2861 525 2903 Oed.
561 2861 652 2899 atri
679 2862 791 2900 Link
824 2863 927 2900 haec
966 2872 1052 2904 est:
1117 2864 1442 2917 „Cladosporio
1479 2871 1567 2902 atro
1605 2862 1666 2901 si-

38 2923 256 2960 millimum
282 2929 480 2970 apparet,
526 2920 667 2959 floccis
698 2924 810 2961 nudo
849 2923 968 2959 oculo
1009 2922 1082 2958 vix
1113 2923 1361 2970 conspicuis,
1423 2922 1510 2959 Sub
1545 2921 1663 2962 micr.

41 2995 180 3031 comp.
218 2993 318 3020 vero
344 2979 466 3018 flocci
493 2987 695 3027 apparent
725 2981 802 3018 atri
832 2980 1024 3030 quidem,
1072 2988 1110 3017 at
1143 2981 1340 3029 pell-(uidi
1379 2980 1569 3020 distinete
1596 2992 1666 3018 se—
