1887 3255
692 107 784 162 (3ss
801 111 1084 162 ᾹΤΕΙὶΙΙ]
1101 111 1151 160 M
1629 105 1729 154 149

263 249 667 304 HISTORIA.
757 249 872 302 Vix
923 251 1129 320 aliquid
1177 249 1232 300 in
1286 265 1719 318 synonymorum

89 321 268 383 studio
317 323 583 394 majorem
630 321 1047 373 admirationem
1096 340 1273 372 meam
1318 320 1516 379 innuit,
1559 330 1743 386 quam·

87 391 397 463 Fungoidia
431 392 717 462 (Pezizae)
747 393 914 444 Mich.
945 412 1065 460 gen.
1107 404 1148 445 t.
1187 390 1259 444 86
1280 389 1340 458 s
1375 389 1461 449 12,
1505 389 1591 454 13,
1632 391 1713 445 14,

84 482 222 532 quae
252 465 319 515 ab
362 465 614 520 omnibus
654 464 722 515 ad
757 461 994 517 Pezizae
1041 469 1213 516 relata
1248 473 1372 514 sunt
1411 471 1460 511 et
1496 471 1554 509 ut
1588 460 1715 510 toti-

83 534 207 588 dem
233 536 436 607 species
468 535 703 592 Pezizae
733 553 909 588 novae
944 553 974 587 a
1006 535 1297 599 Persooni0‚
1333 531 1582 585 Batsclzio
1614 541 1709 580 etc.

80 618 298 678 recepta
334 609 535 676 (unum.
563 625 775 675 quoque
813 605 874 663 in
917 604 1063 677 Syst.
1095 606 1238 678 Myc.
1282 601 1548 673 irrepsit),
1586 599 1712 651 licet

78 696 240 730 nemo
276 677 643 730 recentiorum
676 677 890 747 legerit.
973 677 1090 729 Has
1134 675 1336 746 figuras
1372 675 1572 726 iterum
1608 670 1710 722 ite-

78 768 309 818 rumque
338 748 666 831 inspicienti,
701 747 1090 819 descriptiones
1116 761 1166 799 et
1191 749 1310 798 loca
1335 744 1540 797 natalia
1579 762 1708 794 con-

77 820 292 885 ferenti²
311 819 451 871 mih1
472 819 679 875 eximia
704 820 1005 872 similitudo
1034 839 1155 872 cum
1182 816 1444 871 Grateriis
1463 817 1520 866 in
1555 833 1710 866 men-

77 902 192 949 tem
219 910 354 947 mox
384 891 553 954 venit,
582 904 634 942 at
673 891 838 944 dubia
872 911 1085 963 semper
1122 890 1413 954 restabant,
1458 906 1579 938 cum
1610 905 1706 938 ve-

74 981 195 1013 ram
224 961 558 1016 Pezizarum
591 962 1068 1015 fructificationem
1112 961 1237 1015 viro
1275 957 1574 1012 immortali
1615 975 1706 1007 co-

72 1033 284 1103 gnitam
329 1034 547 1087 scirem.
576 1067 646 1082 -—-
685 1036 764 1087 At
800 1055 922 1086 cum
960 1035 1179 1086 tandem
1195 1045 1246 1087 et
1271 1029 1704 1084 membranulam

72 1105 263 1157 baseos
317 1106 593 1179 Arcyriae-
634 1107 1048 1177 leucocephalae
1099 1106 1159 1157 in
1200 1105 1242 1156 s.
1295 1104 1380 1156 14.
1423 1103 1453 1154 l.
1505 1121 1549 1152 c.
1606 1119 1703 1150 ex·-

72 1195 319 1248 pressam
356 1177 738 1239 observarem,
797 1198 957 1230 omne
1006 1177 1144 1233 mihi
1198 1175 1472 1228 sublatum
1522 1171 1703 1224 visum

73 1259 183 1313 cst,
207 1246 527 1300 Michelium
563 1248 749 1318 relegi,
785 1249 1007 1318 vidique
1050 1260 1101 1300 et
1136 1249 1486 1301 characterem
1525 1249 1701 1296 Crate-

71 1319 145 1369 reti
173 1318 606 1388 fructificationis
640 1321 782 1388 apud
821 1319 1123 1375 Michelium
1159 1336 1485 1386 expressum,-
1524 1311 1701 1381 inquit

68 1409 265 1461 nempe
299 1390 358 1442 in
388 1389 435 1442 F
438 1391 691 1461 ungoidis
714 1391 1027 1444 definitione
1060 1412 1112 1463 p.
1134 1391 1271 1442 204:
1310 1419 1335 1431 =-
1362 1419 1425 1455 -,,
1445 1386 1713 1455 cyathum„

67 1462 249 1529 „aliae
278 1481 464 1531 pyrum
502 1463 753 1515 inversum
790 1493 814 1503 -
866 1493 890 1504 -
916 1463 1173 1523 similant,
1208 1491 1232 1502 -
1257 1492 1282 1502 -
1316 1459 1587 1512 seminibus
1612 1486 1647 1494 -
1672 1483 1699 1495 -

0 1581 4 1593 „
66 1551 382 1600 „supernam
424 1545 628 1602 partem
678 1534 938 1603 injectae,
981 1553 1112 1601 quae
1148 1533 1342 1584 semina
1387 1531 1568 1582 deinde
1622 1527 1702 1578 vel

64 1603 402 1671 „contracti-5¹,
438 1604 559 1656 dum
591 1606 924 1673 explicantur
950 1607 1165 1674 plantae
1179 1641 1203 1670 ‚s
1224 1602 1379 1673 fibris
1410 1600 1697 1671 (luculen-

64 1686 192 1742 „ter
216 1724 218 1726 .
239 1674 486 1730 crateriis
524 1677 1026 1745 accommodatum)
1073 1676 1114 1730 l.
1153 1705 1226 1714 --
1263 1674 1320 1725 in
1367 1675 1526 1724 altum
1547 1668 1699 1739 fumi

63 1746 274 1813 „instar
306 1754 452 1803 etc.“
528 1746 789 1817 (Pezizae
829 1748 1030 1817 verae).
1111 1747 1196 1806 Ab
1237 1757 1454 1797 auctore
1508 1741 1696 1799 divino

62 1829 175 1871 tres
211 1817 415 1890 species
451 1819 722 1891 depictae,
771 1821 954 1890 plures
988 1818 1276 1872 indicatae.
1310 1845 1315 1850 -
1354 1815 1573 1868 Deinde
1605 1831 1695 1864 ea-

62 1909 190 1942 rum
225 1889 459 1959 cognitio
501 1891 797 1963 deperdita,
840 1892 1007 1943 donec
1031 1890 1177 1943 varii
1214 1889 1313 1940 sub
1356 1888 1564 1958 Gyatho,
1590 1891 1692 1937 Pe·-

62 1961 198 2023 ziza‚
250 1961 483 2024 wichia,
514 1962 810 2028 Stemonite,
846 1962 1091 2031 Arcyrz'a‚
1114 1962 1344 2029 Physaro
1367 1972 1464 2011 etc.
1488 1955 1691 2011 descri-

61 2044 303 2103 pserunt.
363 2032 546 2085 Genus
581 2033 971 2087 determinavit,
991 2034 1063 2084 de
1093 2032 1292 2083 harum
1317 2031 1690 2102 plantularum

61 2103 372 2173 cognitione
411 2104 612 2174 optime
643 2104 868 2157 meritus
927 2105 1280 2172 Trentepoh15-
1315 2122 1449 2153 mox
1486 2101 1688 2152 iterum

61 2174 342 2236 abolitum,
381 2176 551 2227 donec
570 2176 745 2229 fausto
771 2176 947 2228 sidere
971 2175 1207 2228 restituit
1226 2175 1478 2226 Dittmar.
1523 2170 1684 2224 Certe

57 2245 125 2299 in
165 2246 270 2298 hoc
319 2246 615 2299 subordine
662 2250 879 2300 nullum
917 2246 1278 2311 luculentius,
1344 2264 1505 2314 quam
1559 2242 1679 2301 hoe,

57 2318 144 2369 cui
172 2317 350 2370 forma
388 2339 665 2393 κρατηρος
699 2340 900 2372 nomen
930 2319 1094 2375 dedit.
1161 2317 1411 2388 Fungilli
1440 2312 1681 2386 gregarii

59 2389 297 2461 (integra
309 2409 460 2457 grex
491 2393 564 2443 ex‘
593 2392 747 2444 unica
773 2392 1042 2461 primitiva
1068 2389 1440 2456 mesentem'ca),
1478 2399 1538 2438 ut
1564 2404 1680 2437 me-

57 2461 311 2515 senterici
352 2463 592 2519 maxime
626 2477 884 2534 vagantes
911 2463 1241 2532 (epiphyllae,
1264 2461 1559 2518 caulicolae‚
1586 2477 1678 2508 ra-

53 2533 256 2597 meales,
293 2535 593 2587 muscicolae
628 2547 722 2588 etc.
764 2547 878 2589 sunt
909 2535 1114 2586 eaedem
1147 2533 1365 2602 specie-s,
1412 2532 1502 2582 sed
1530 2529 1677 2594 ligna
1701 2581 1705 2585 ,

51 2603 256 2658 mucida
280 2606 497 2684 cariosa,
530 2608 757 2660 Εηιόοἷὶε
789 2606 1004 2676 propria
1019 2643 1036 2673 ,
1060 2605 1313 2676 fugiunt)
1326 2642 1341 2666 ,
1378 2597 1673 2664 meteorici,

52 2688 135 2730 sat
161 2686 527 2747 persistentes,
564 2679 969 2741 subaestivales.

341 2801 344 2805 ,
403 2765 451 2819 Ι.
509 2765 758 2831 operculo
788 2763 1032 2827 discreto,
1066 2772 1312 2816 cretae-eo.

189 2845 352 2898 obs.
426 2843 606 2918 Stipes
629 2846 870 2917 graciliS,
907 2844 1101 2901 laevis,
1164 2842 1453 2897 Peridium'
1475 2840 1671 2914 primi-

47 2927 133 2968 tus
175 2917 484 2969 truncatum
503 2955 520 2983 ,
571 2919 822 2990 operculo
849 2918 1027 2989 plano
1063 2917 1210 2969 intra
1249 2915 1525 2985 margines
1567 2914 1670 2964 de·-

47 3007 234 3062 presso
271 2991 432 3043 firmo
475 2988 734 3044 discolori
782 3002 1009 3053 tectum,
1047 2988 1163 3042 basi
1200 2988 1375 3040 laeve.
1475 2983 1669 3059 Spuri-³
