1887 3255
763 122 1131 189 STILBUM.
1611 119 1720 175 299

367 278 451 315 *³⁵
486 291 518 327 e
554 270 766 344 myceh'o
800 270 958 332 ortis,
994 265 1272 322 semma-v..

91 366 221 426 XV.
276 355 715 418 EUssoTlUM.·
766 354 1038 426 Jsporidia
1059 371 1193 408 mox
1227 348 1532 407 diffluentia
1563 365 1592 398 e
1621 364 1712 417 pe-

232 436 432 491 ridiolo
479 430 896 487 membranaceo
957 434 1263 496 rumpente,
1294 417 1717 477 flocciswfeffusis

234 509 446 562 adnato.

91 585 241 638 xw.
305 565 894 633 CLlsOSPOR-HJM.
954 566 1205 637 Spooeidia
1230 530 1534 618 diffluentia
1570 578 1719 630 epe-

233 651 431 706 ridiolo
466 642 703 713 rigidulo
738 650 1061 711 rumpente,
1097 658 1126 689 e
1162 631 1720 711 mycelio,.transfor-

233 732 397 776 mato,
463 716 753 772 Abnorme.

541 969 582 1021 l.
655 962 1022 1020 STlLssUM.
1092 961 1272 1016 Tode.

148 1084 264 1128 rod.
297 1086 439 1137 Fung.
474 1083 632 1124 Meckl.
668 1085 711 1126 1.
741 1096 790 1136 p.
823 1082 894 1123 10.
959 1082 1070 1122 Nees
1097 1082 1213 1136 Syst.
1238 1092 1287 1132 p.
1315 1075 1391 1126 88.
1445 1073 1565 1119 fries
1606 1077 1722 1132 Syst.

206 1143 299 1190 orb,
329 1155 429 1195 veg.
465 1146 506 1188 1.
538 1157 583 1195 p.
622 1139 723 1186 175.

239 1225 472 1280 CHAR.
551 1224 728 1297 Stipes
789 1222 993 1276 solidus
1053 1221 1339 1292 contiguus
1402 1220 1726 1273 terminatus

99 1300 338 1371 capitulo
371 1297 674 1367 gelatinoso
702 1325 729 1337 -
754 1294 938 1348 fluxili
973 1293 1292 1347 involvente
1319 1292 1590 1364 sporidia‚
1634 1294 1727 1344 de-

101 1392 252 1426 mum
285 1370 449 1424 nuda.
524 1367 836 1439 Capitulum
867 1365 1025 1417 facile
1060 1365 1362 1418 deciduum.

247 1441 401 1495 Obs.
442 1442 491 1493 l.
563 1437 848 1510 Stipitem‚
882 1457 982 1489 nec
1017 1437 1214 1489 fibram
1252 1448 1343 1488 aut
1365 1437 1607 1501 floccum,
1643 1432 1729 1484 di·-

102 1514 272 1567 cimus
323 1509 758 1563 fructificationis
799 1509 1066 1573 fulcrum,
1114 1527 1243 1560 nam
1280 1507 1562 1561 evidenter
1599 1524 1730 1558 con-

101 1597 314 1638 textum
346 1595 455 1648 est,
498 1581 620 1633 licet
663 1581 805 1633 serie
842 1579 1093 1649 contigua
1119 1578 1180 1631 in
1216 1579 1492 1648 sequentia
1530 1593 1730 1648 genera

101 1664 355 1710 transeat.
432 1653 614 1708 Genus
651 1651 1124 1704 naturalissimum
1159 1650 1314 1703 nolui
1349 1651 1411 1702 in
1449 1651 1610 1721 plura
1650 1646 1731 1699 (Ιί-

99 1729 332 1790 vellere,
374 1725 498 1791 licet
538 1723 737 1795 stipitis
772 1735 1042 1778 structura
1068 1721 1129 1775 in
1168 1722 1401 1775 diversis
1452 1720 1731 1794 speciebus

102 1799 393 1852 admodum
452 1796 668 1849 diversa
725 1795 822 1862 sit,
884 1815 1007 1847 cum
1060 1793 1477 1847 fructificatione
1532 1792 1732 1846 eximie

103 1869 430 1924 conveniant
468 1887 654 1921 omnes
680 1867 754 1937 ἑξ).
849 1865 1001 1919 Haec
1038 1885 1115 1931 ex
1163 1866 1315 1938 apice
1358 1865 1557 1937 stipitis
1603 1883 1732 1935 pro-

103 1941 340 1996 truditur
371 1951 433 1991 ut
464 1940 670 2009 guttula
711 1957 938 2007 aquosa,
969 1956 1101 1990 mox
1143 1937 1390 2005 turbida,
1429 1937 1556 1990 dein
1587 1935 1735 1990 deci·
1815 1970 1823 1978 ·

164 2089 210 2142 ¹⁸²)
237 2089 472 2128 Nonnullae
501 2094 640 2126 tamen
675 2085 836 2135 species
861 2084 1039 2136 capitulo
1069 2086 1208 2127 fluxili
1235 2088 1420 2128 noudum
1443 2083 1589 2140 visae,
1660 2085 1734 2123 sed

214 2145 428 2186 farinaceo
457 2152 638 2201 tentum,
673 2147 723 2183 ad
741 2157 871 2195 genus
906 2144 1222 2200 Chordostylum
1250 2148 1360 2190 Tod.
1387 2144 1605 2184 transitum
1628 2154 1735 2192 pan-

215 2208 333 2248 dunt.
393 2202 532 2255 Hujus
562 2204 837 2242 characterem
863 2211 903 2243 et
932 2204 1115 2252 speciem
1140 2204 1379 2255 primariam
1421 2205 1503 2242 hoc
1538 2205 1631 2242 loco
1663 2200 1734 2239 in-

217 2275 312 2304 sero
327 2292 342 2320 ‚
375 2270 420 2301 ut
449 2261 776 2314 diligentissime
804 2262 1061 2311 inquiratur:

350 2349 849 2393 CHORDOSTYLUM.
925 2349 1035 2389 Tod.
1078 2349 1246 2390 Meckl.
1282 2349 1324 2390 1.
1351 2361 1394 2397 p.
1428 2349 1505 2394 37.

283 2423 458 2468 CHAR,
518 2423 736 2477 „Fungus
765 2420 968 2470 stipitatus
991 2420 1310 2476 tenacissimus,
1353 2419 1534 2470 capitulo
1563 2419 1735 2469 globoso

221 2482 384 2522 interne
414 2481 689 2520 fructificante
716 2479 991 2522 subdeciduo.
1012 2476 1050 2502 ‘⁶

283 2541 412 2583 obs,
462 2541 647 2580 Monent
675 2539 847 2581 tilbert,
879 2545 918 2575 et
945 2536 1150 2581 Schwein.
1175 2549 1316 2590 consp,
1340 2549 1390 2589 p.
1426 2529 1593 2576 112:“
1629 2532 1735 2571 Me-

230 2598 301 2638 dio
327 2597 435 2637 inter
462 2597 658 2637 Mucoris
701 2605 741 2635 et
770 2596 1009 2636 Himautiae
1027 2609 1156 2648 genus
1195 2599 1290 2636 loco
1322 2593 1527 2647 positum3
1579 2592 1632 2630 ab
1661 2590 1737 2630 illo

229 2655 412 2696 fabricae
437 2655 656 2701 tenacitate
688 2663 728 2694 et
753 2655 1060 2710 longaevitate,
1105 2657 1157 2693 ab
1188 2656 1268 2694 hoc
1294 2651 1613 2693 fructificatione
1643 2661 1736 2686 mu-

225 2713 434 2754 coriformi
468 2715 596 2764 magis
621 2712 808 2767 diflert-e,
840 2725 964 2760 quam
980 2721 1026 2752 ut
1046 2725 1144 2752 ‘cum
1161 2715 1358 2752 alterutro
1388 2707 1582 2761 conjungi
1600 2714 1739 2756 queat.

228 2772 464 2821 Capitulum
505 2773 698 2810 fatiscens
748 2773 1045 2820 pulveremque
1096 2772 1373 2810 sementivum
1419 2767 1608 2808 emittens
1661 2776 1737 2804 nos

227 2841 394 2880 quoque
426 2833 556 2870 semel
585 2831 705 2868 bisve
733 2829 958 2877 conspicati
982 2841 1140 2872 sumus.
1160 2827 1197 2850 ‘⁶
1258 2829 1302 2867 Si
1330 2830 1468 2877 planta
1496 2834 1735 2876 autonoma,

236 2900 315 2928 nee
340 2889 596 2945 mycelium,
633 2885 755 2940 hujus
794 2886 876 2926 loci
918 2887 988 2930 sit,
1070 2887 1160 2929 Cfr.
1198 2898 1303 2935 quae
1347 2884 1508 2923 eximie
1549 2885 1739 2923 observat

233 2949 343 2988 Nees
372 2948 484 3000 Sys!⁸
523 2960 568 3000 p,
607 2944 680 2986 82.
745 2943 1042 2986 Acremonium
1070 2945 1114 2984 in
1148 2956 1308 2986 summo
1338 2945 1468 2996 gradu
1500 2941 1644 2989 utique
1674 2938 1739 2977 vi-

239 3008 374 3048 detur,
