1887 3255
720 112 1082 199 Monm:
1132 136 1159 164 .
1597 117 1703 169 411

89 255 143 311 2.
231 259 314 311 Μ.
352 256 812 326 digitata‚.floccis
842 256 1154 329 caespitosis
1173 254 1544 310 subintricatis
1571 256 1704 308 sim-

232 328 494 411 pli-cibus,
531 326 896 411 sporidiorum
932 327 1132 381 catenis
1162 326 1543 380 terminalibus
1576 328 1703 379 sub-

207 442 211 447 .,
232 419 413 468 (11111113
449 412 658 454 erectis.

146 487 405 538 Aspergillus
434 502 481 531 n.
506 487 553 533 8.
595 483 734 528 Mic-72.
766 496 869 535 gen.
900 491 933 524 t,
967 487 1041 529 91.
1075 488 1123 538 J:
1154 488 1199 531 3.
1252 485 1413 526 Mueor
1450 480 1703 532 caespitosun

203 562 243 585 α.
276 546 404 593 Lina,
434 547 555 600 Spec.
597 547 642 586 2.
664 557 712 595 p·
746 542 875 584 1656.
905 568 961 576 —
996 553 1083 584 etse
1124 558 1218 596 syn.
1264 552 1305 584 et
1337 546 1472 585 deser.
1514 539 1701 591 Asperg.

203 604 399 654 simplex.
462 609 582 647 Pers.
613 600 720 653 disp.
747 614 793 653 p.
827 600 897 645 41.
927 600 1106 643 Monilia
1132 603 1316 654 dignata,
1368 605 1487 643 Pers.
1522 601 1627 653 Syn.
1655 613 1703 650 p.

200 661 302 705 693.
354 663 461 706 Alb,
492 668 532 699 et
570 659 772 700 Schwein.
810 661 959 712 δοκεῖ).
1001 676 1051 714 p.
1078 663 1180 705 693.
1224 684 1281 691 —-
1338 660 1459 699 etiam
1507 656 1705 702 Peniciu,

202 724 403 771 glaucum.
458 723 577 761 Pers,
613 721 731 771 Myc.
766 720 875 760 Eur.
908 722 949 762 1.
974 733 1022 771 p,
1055 718 1130 762 40.
1162 741 1216 749 —-
1245 719 1342 758 licet
1374 720 1453 757 hoc
1480 719 1573 755 loco
1606 715 1704 755 evi-

196 782 342 818 denter
369 789 463 816 cum
492 776 688 820 Peniciu,
716 784 926 816 crustaceo
955 777 1186 822 confusum,
1218 776 1310 822 Cfr,
1355 777 1458 814 Obs.
1489 775 1613 813 infra.

226 842 493 898 Difficilis
529 844 729 915 species
746 881 763 905 ,
820 864 981 914 quam
1021 846 1281 898 exsistere
1314 846 1411 897 vix
1449 844 1703 895 dubitan-

88 917 246 982 dum,
267 915 410 967 ‘licet
447 916 671 987 plurimi
704 935 826 967 cum
854 923 915 970 P.
939 929 1199 970 crustaceo
1232 929 1588 972 commutasse
1616 913 1708 968 vi-

87 988 330 1040 deantur.
404 988 461 1039 A
495 987 844 1059 praecedente
880 989 1083 1040 recedit
1131 1001 1190 1040 ut
1224 987 1459 1042 Penicill.
1504 997 1705 1039 crusta-

86 1078 227 1111 ceum
265 1077 296 1110 a
332 1065 392 1113 P.
422 1078 626 1126 sparso,
687 1058 868 1112 floccis
907 1060 1182 1112 sterilibus
1229 1059 1288 1111 in
1324 1059 1547 1110 densum
1585 1076 1705 1108 cae-

86 1130 280 1201 spitem
313 1130 610 1197 intricatiS‚
662 1130 1028 1202 sporidiorum
1074 1131 1275 1184 catenis
1323 1129 1508 1201 paucis
1562 1128 1706 1197 digi-

84 1201 226 1255 tatis.
306 1202 399 1255 Ad
439 1200 641 1261 fructus
670 1202 931 1270 putrid085
977 1223 1029 1255 se
1077 1214 1276 1254 tantum
1321 1201 1378 1253 in
1414 1201 1547 1252 malo
1607 1199 1705 1251 Li-

85 1273 254 1325 monio
282 1273 566 1325 observasse
601 1285 768 1325 monet
805 1273 1054 1337 Micheli‚
1103 1274 1196 1344 qui
1229 1293 1352 1326 cum
1386 1271 1704 1343 Aspergillo

86 1363 185 1397 suo
228 1363 341 1396 non
381 1343 732 1419 conjungeret
785 1344 1067 1399 Penicillii
1110 1345 1361 1418 speciem.
1428 1348 1706 1396 Autumno.

89 1418 167 1482 (V.
201 1414 294 1482 ic.)

204 1501 335 1545 Obs.
389 1501 459 1540 Ad
499 1502 606 1541 hanc
635 1502 801 1542 dubiam
835 1505 1017 1553 plantam
1057 1502 1180 1542 etiam
1219 1513 1274 1541 ex
1319 1499 1441 1540 icone
1479 1498 1706 1549 pertineret

87 1560 242 1599 Μαι-ον
268 1558 541 1611 penicillatus
577 1562 692 1605 Bau.
729 1561 901 1610 Champ.
949 1575 998 1610 p,
1031 1562 1127 1602 107.
1157 1569 1187 1603 t.
1223 1558 1324 1602 504.
1366 1560 1395 1598 s.
1434 1562 1539 1613 11.;
1579 1559 1704 1595 multa

86 1629 188 1657 vero
222 1620 397 1657 suadent
436 1616 665 1657 Auctorem
701 1627 796 1658 ante
839 1621 981 1659 oculos
1011 1619 1208 1657 habuisse
1233 1616 1503 1656 Penicillium
1542 1622 1705 1654 crusta-

88 1687 200 1714 ceum
229 1684 270 1715 et
298 1675 463 1715 iconem
495 1677 746 1727 analyticam
775 1678 828 1715 acl
857 1677 1026 1717 iconem
1057 1675 1257 1716 Michelii
1286 1675 1633 1717 accommodasse.

87 1746 136 1797 3.
228 1749 309 1798 M.
360 1763 644 1810 racemosa,
690 1745 869 1798 floccis
921 1744 1227 1817 caespitosis
1262 1759 1708 1796 racemoso-ra-

227 1808 427 1882 mosiS,
484 1815 856 1887 sporidiorum
903 1817 1105 1868 catenis
1146 1815 1461 1867 lateralibus
1515 1814 1706 1867 termi-

229 1887 547 1955 nalibusque
583 1888 828 1939 ternatis.

141 1974 323 2023 Asperg.
353 1987 395 2012 n.
424 1975 470 2017 9.
521 1973 658 2018 Μίσῆ.
685 1987 787 2026 gen.
823 1989 874 2028 p.
904 1976 1006 2019 213.
1036 1981 1070 2020 t.
1100 1973 1172 2020 91.
1192 1976 1243 2027 f,
1271 1973 1314 2020 4.
1354 1973 1516 2012 Mucor
1546 1970 1706 2022 caespi-

194 2040 308 2072 tosus
338 2033 383 2082 β.
417 2031 544 2071 Limz.
579 2032 611 2075 Ζ.
647 2047 685 2075 c.
717 2033 875 2073 Rolton
902 2042 936 2077 ί.
967 2033 1066 2076 132.
1083 2034 1130 2084 f,
1167 2036 1211 2080 Ζ,
1238 2034 1417 2083 Asperg.
1452 2042 1703 2074 racemosus,

195 2093 314 2130 Pers.
346 2088 455 2142 disp.
492 2103 544 2142 p.
587 2090 661 2136 41.
711 2091 896 2131 Monilia
935 2102 1161 2134 racemosa.
1214 2096 1338 2136 Pers,
1380 2092 1484 2144 Syn.
1525 2101 1571 2140 p,
1600 2090 1703 2133 692.

192 2147 456 2188 Penicillium
489 2159 642 2188 racem.
674 2151 794 2204 Myc,
824 2153 932 2194 Eur.
968 2152 1009 2193 1.
1039 2163 1088 2203 p.
1114 2149 1190 2195 41.

230 2215 448 2287 Species
495 2218 724 2288 pulchra
773 2230 821 2271 et
879 2220 1156 2286 distincta,
1212 2218 1490 2272 crescendi
1543 2214 1702 2269 modo

89 2288 429 2359 praecedenti
472 2289 702 2354 similis,
749 2291 842 2343 sed
878 2291 1040 2362 longe
1092 2292 1300 2344 diversa
1342 2289 1518 2341 floccis
1555 2305 1703 2339 race-

27 2420 35 2421 7
88 2377 238 2411 moso
260 2388 283 2400 -
302 2360 557 2421 ramosis,
597 2362 964 2432 sporidiorum
996 2363 1196 2414 catenis
1222 2359 1552 2434 pedicellatis
1578 2359 1703 2410 bre-

87 2429 249 2482 vibus
283 2431 471 2485 ternis.
550 2431 756 2484 Pendet
784 2433 900 2504 ipsa
943 2434 1143 2505 species
1195 2436 1259 2486 ab
1292 2432 1539 2485 iconibus
1572 2430 1703 2481 cita-

89 2498 195 2566 tis,
253 2519 281 2551 a
324 2501 612 2556 Penicillio
662 2504 1055 2558 diversissimis,
1130 2508 1220 2559 Ad
1257 2517 1448 2557 terram
1497 2512 1546 2553 et
1588 2519 1703 2554 cor—

84 2588 220 2640 pora
237 2575 585 2639 putrescentia
621 2575 677 2626 in
710 2577 897 2643 Italia,
932 2577 1148 2643 Anglia.
1198 2579 1272 2646 (v.
1312 2576 1404 2642 ic.)

199 2658 324 2702 obs.
388 2658 581 2701 Similem
623 2663 712 2702 vidi
752 2664 931 2713 speciem
976 2664 1020 2703 in
1058 2664 1170 2704 foliis
1211 2664 1385 2716 putridis
1436 2658 1701 2708 coacervatis,
1734 2677 1737 2679 ·

91 2717 165 2753 sed
203 2719 441 2765 collapsam.
504 2721 553 2759 In
593 2722 672 2761 hac
710 2733 810 2762 vero
859 2722 1133 2772 sporidiorum
1161 2733 1328 2764 catenae
1354 2722 1574 2773 laterales,
1607 2720 1702 2756 lon-

93 2782 201 2840 011οζ
235 2776 414 2820 sessiles.
475 2778 612 2827 Septis
651 2788 695 2821 et
733 2781 1014 2831 pelluciditate
1049 2781 1272 2824 floccorum
1315 2783 1368 2820 ab
1413 2777 1525 2819 omni
1549 2777 1702 2815 clado-

92 2842 229 2878 spono
260 2841 370 2874 certe
404 2834 584 2883 diversa.
