1887 3255
622 120 1156 179 ARTHRINIUM.
1609 123 1669 173 37
1684 126 1719 174 7

74 285 265 342 opaca,
302 267 378 321 tri
402 295 429 310 -
452 276 545 320 aut
562 265 870 351 polygona.
943 263 1037 316 Ad
1049 261 1201 332 solia
1250 263 1489 316 Curicum
1529 283 1704 333 mam-

73 362 214 410 rum,
251 341 342 394 sed
365 340 522 392 etiam
550 339 606 390 in
643 336 825 391 Carice
858 334 1175 391 ericetorum.
1218 338 1375 388 Vere.
1423 337 1503 405 (v.
1539 337 1629 406 v)

73 429 126 483 3.
221 432 292 482 A.
324 436 616 484 curvatum,
666 419 846 473 floccis
886 421 1061 486 parcis
1100 419 1467 487 tenttissimi8‚
1524 422 1701 492 spuri-

218 499 324 551 diis
362 497 532 550 ovatis
566 491 801 546 curvatis
834 489 1236 547 minutissimis.
1276 491 1349 548 K.

130 589 188 630 A.
218 595 453 633 curvatum.
500 584 649 629 Kunz.
688 580 723 629 l
762 594 800 627 c.
833 592 886 632 1²
934 579 1038 624 103
1099 581 1363 631 Gamptoum.
1421 578 1533 621 Link
1577 583 1702 634 Spec.

184 648 227 692 1.
254 660 298 699 p.
326 645 403 691 44.

217 709 675 769 Praecedentibus
737 708 929 760 itidem
985 707 1260 775 assimile,
1333 720 1388 761 at
1444 707 1703 778 caespites

73 787 456 846 confertiores,
495 801 621 835 raro
655 793 838 832 tamen
886 780 1230 832 confluentes.
1306 779 1494 833 Flocci
1546 782 1704 845 longe

73 859 378 942 tenuiores,
429 853 692 907 remotius
748 863 800 904 et
864 851 1078 902 tenuius
1134 851 1702 924 septati.Sp01-idia

71 931 310 1012 copiosa,
348 946 544 1012 opaca,
598 922 993 995 quodammodo
1045 920 1703 994 Cryptosporii.1njo-

70 1003 156 1053 liis
182 1000 359 1070 Scirpt'
404 998 654 1064 silvatici,
702 996 919 1065 Lipsiae
948 996 1148 1047 lectum
1190 996 1271 1065 (v.
1311 996 1381 1064 s.)

69 1087 124 1143 4.
219 1092 289 1141 A.
332 1084 724 1153 Sporopltleum,
780 1079 958 1134 ssoccis
1017 1078 1270 1131 tenuibus
1318 1078 1698 1140 breviusculis,

214 1156 473 1240 sporidiis
522 1154 774 1225 oblongis
817 1151 1074 1222 utrinque
1120 1152 1289 1204 acutis
1333 1151 1557 1204 minutis
1607 1170 1698 1203 co-

213 1227 562 1302 piosissimis,
627 1225 704 1281 K.

126 1320 433 1368 Sporophleum
461 1314 739 1366 gramineum
801 1316 912 1354 Nees
932 1335 953 1344 -
974 1316 1159 1366 Spreng.
1195 1312 1385 1357 Grundz.
1419 1318 1453 1355 1.
1487 1312 1533 1351 V
1534 1341 1546 1355 .
1573 1310 1624 1363 f.
1651 1311 1695 1356 3.

176 1377 288 1417 Lmk
317 1380 440 1428 SpeC.
472 1379 513 1419 l
540 1388 587 1426 p.
621 1371 693 1417 45.
752 1372 1026 1413 Arthrinium
1083 1374 1236 1411 Kunze
1270 1372 1302 1417 l
1336 1386 1372 1411 c.
1399 1384 1448 1425 p
1483 1368 1581 1417 104,

215 1444 489 1526 Caespites
535 1443 801 1512 elongati,
844 1445 1038 1497 1--11
1075 1442 1170 1495 lin.
1222 1440 1398 1511 longi,
1440 1439 1695 1504 convexi,

66 1516 247 1569 floccis
280 1515 532 1568 tenuibus
588 1514 845 1573 brevibus
875 1526 1081 1565 remote
1121 1513 1358 1583 septatis.
1437 1511 1694 1565 Ceterum

66 1600 127 1639 ut
182 1607 367 1639 omnes
429 1584 591 1667 hujus
643 1585 858 1656 generis
917 1584 1134 1665 species
1184 1583 1438 1654 sporidiis
1504 1583 1696 1635 certis-

66 1659 201 1711 sime
240 1657 592 1730 dignoscitur
654 1658 746 1710 Ad
770 1656 908 1725 solia
948 1655 1343 1710 Graminearum
1389 1675 1436 1710 v.
1471 1675 1516 1709 c.
1554 1659 1694 1708 Bro-

65 1750 281 1798 morum,
320 1749 452 1783 vere.
495 1731 572 1800 (v.
601 1734 682 1798 v)

206 1902 298 1954 Ab
330 1901 417 1953 his
447 1899 656 1952 ultimis
700 1899 1022 1967 generibus,
1061 1911 1122 1951 ut
1155 1918 1183 1951 3
1219 1901 1581 1970 Macrosporz'o
1623 1902 1690 1954 ad

63 1974 489 2041 Sporidesmz'mn,
526 1972 591 2023 ab
634 1971 908 2024 Arthrinio
940 1972 1006 2023 ad
1043 1971 1309 2033 Torulas,
1355 1971 1694 2055 Cryptospo-

62 2045 211 2097 rium
243 2057 338 2097 etc.
376 2044 636 2095 transitus
670 2043 891 2094 evidens
926 2055 1032 2103 est,
1074 2045 1166 2095 sed
1203 2064 1325 2096 cum
1366 2044 1690 2116 primariam

65 2117 430 2167 differentiam
463 2116 608 2166 inter
655 2115 1068 2184 Hyplzomycetes
1103 2128 1154 2167 et
1194 2116 1416 2168 Comom
1400 2128 1567 2186 scetes
1603 2115 1688 2167 of-

62 2187 206 2238 ferat
247 2187 513 2251 vegetatio
551 2185 811 2252 discreta,
861 2187 1114 2252 floccosa,
1153 2186 1387 2249 liberata
1427 2201 1525 2241 etc.
1580 2187 1686 2239 ista

62 2277 262 2327 genera
300 2259 444 2309 inter
479 2256 893 2338 Coniomycetes
925 2258 1257 2330 recepimus,
1304 2279 1510 2312 nexum
1553 2277 1685 2311 ana-

62 2331 189 2399 loga
241 2329 602 2413 dispositione
643 2329 956 2399 indicantes
1058 2330 1263 2383 Natura
1311 2344 1389 2382 est
1450 2332 1682 2401 integra,

64 2402 438 2489 systematicas
478 2402 737 2456 sectiones
776 2421 886 2453 non
912 2421 1230 2472 agnoscens3
1264 2415 1515 2455 nostrum
1560 2402 1680 2467 erit,

65 2491 94 2523 e
135 2471 457 2530 differentiis
490 2473 771 2554 primariis
806 2473 1038 2525 diversis
1064 2474 1232 2526 series
1262 2493 1454 2526 eruere
1486 2493 1683 2542 easque

63 2542 191 2594 dein
228 2544 295 2594 ad
325 2545 633 2598 harmonica
668 2544 939 2616 principia
967 2545 1324 2611 distribuere3
1361 2559 1475 2598 tum
1499 2557 1680 2598 mente

62 2614 352 2684 animoque
384 2636 473 2668 res
509 2618 727 2669 intuens
768 2617 868 2668 hoc
913 2617 1074 2669 modo
1114 2617 1360 2671 diversos
1410 2616 1681 2669 evolutio-

60 2685 148 2738 nis
181 2687 380 2756 gradus
414 2700 474 2740 ut
504 2689 563 2741 in
589 2688 866 2758 integrum
901 2688 1051 2742 susos
1090 2689 1343 2764 excipere
1379 2701 1569 2762 potest.
1607 2718 1679 2731 -2-

61 2760 299 2828 Sequens
331 2777 502 2842 genus
539 2761 796 2813 recedens
835 2772 933 2815 est.
