1887 3255
670 136 1150 192 STEMOMTIS
1617 140 1721 194 1⁵9

94 292 222 336 sunt
257 280 568 354 praecocius
606 278 749 352 justo
787 280 1057 343 indurata,
1087 279 1227 351 quod
1262 279 1321 332 in
1359 280 1458 333 hac
1489 283 1719 352 sparsim

93 365 346 405 nascente
381 351 618 421 undique
657 351 734 404 fit.
826 350 1168 423 Gapiflitium
1201 352 1457 413 brevius,
1503 372 1719 422 compa-

90 424 245 489 etius,
286 423 510 497 stylitlio
550 441 740 476 versus
778 424 985 493 apicem
1025 434 1384 480 evanescente.
1461 420 1717 493 Sporidia

91 515 121 547 e
150 495 465 564 ferrugineo
506 494 672 546 fusca.
772 495 865 547 Ad
898 495 1043 561 ligna
1077 494 1424 563 putrescentia
1440 492 1716 562 frequens,

90 578 316 629 aestate,
366 578 624 618 autumno.
666 565 742 629 (v.
783 565 882 636 v.)

211 655 334 695 Obs.
363 655 487 693 Hanc
510 653 610 693 olim
641 655 705 691 St.
738 651 1002 705 leucopodem
1033 652 1150 696 dixi,
1187 662 1425 700 sequentem
1453 651 1720 702 insigniorem

92 725 169 764 pro
200 716 267 756 St.
280 713 478 812 ftypthae'na
506 712 558 756 P.
588 721 773 766 sumens,
807 714 939 752 donec
968 715 1020 750 de
1051 723 1284 762 synonymo
1313 713 1401 754 Cel,
1427 711 1628 750 KUNZE
1654 724 1719 749 me

93 780 250 812 certum
303 783 364 810 eei
386 796 401 817 ὁ

91 856 145 912 4.
213 861 268 909 S.
292 853 520 924 pumila,
563 852 964 923 subgeminata,
1010 851 1333 925 hypothallo
1372 852 1542 913 nullo,
1573 852 1722 923 peri-

237 925 328 979 dio
367 924 719 995 fugacissimo
770 924 918 996 apice
962 925 1224 995 papillam
1236 963 1250 986 ,
1296 923 1559 995 capillitio
1600 943 1722 994 spo-

233 997 497 1067 ridiisque
536 996 1067 1069 purpurascentibus.

265 1080 417 1134 Haec
455 1080 648 1132 habitu
669 1080 853 1133 saltim
883 1079 1056 1150 magis
1098 1078 1344 1140 deflectit,
1381 1100 1540 1148 quam
1571 1082 1722 1152 prio-

92 1171 197 1208 res,
274 1152 651 1225 Hypothallus
682 1171 904 1223 prorsus
939 1152 1138 1211 nullus,
1165 1151 1307 1201 unde
1340 1152 1547 1222 stipites
1581 1173 1722 1204 sem-

91 1243 192 1297 per
230 1225 389 1289 nudi,
428 1244 528 1277 nec
567 1222 945 1282 albo-colliti,
984 1221 1238 1286 subulati,
1273 1222 1474 1275 lineam
1502 1243 1613 1275 non
1642 1237 1723 1274 at-

94 1295 400 1365 tingentes,
456 1295 822 1366 nigricantes,
861 1294 1072 1364 saepius
1105 1293 1423 1359 geminatim
1462 1295 1723 1366 approxi-

94 1367 229 1419 mati
263 1369 301 1419 l.
347 1367 408 1420 in
445 1386 636 1438 greges
691 1366 928 1418 minutas
970 1365 1211 1429 collecti3
1260 1363 1504 1448 juniores
1543 1378 1726 1418 tamen

94 1451 502 1509 convergenteS.
590 1436 934 1509 Capillitium
972 1436 1178 1488 lineam
1226 1436 1441 1489 circiter
1479 1438 1723 1507 longum,

95 1522 283 1562 exacte
320 1510 700 1583 cylindricum‚
741 1509 911 1560 dilute
950 1526 1364 1578 purpurascens,
1402 1520 1573 1559 totum
1611 1520 1727 1580 sty-

92 1579 229 1633 lidio
265 1601 582 1653 percursam
607 1618 622 1645 ,
670 1581 814 1632 unde
873 1590 924 1631 et
981 1579 1132 1649 apice
1176 1579 1383 1650 papilla
1436 1579 1725 1650 prominet,

95 1663 156 1704 ut
195 1651 258 1704 in
293 1659 370 1705 St.
392 1654 671 1721 papillata,
705 1672 808 1721 qua
830 1650 991 1702 altior
1020 1669 1132 1702 non
1162 1661 1254 1704 est.
1316 1647 1574 1721 Sporidia
1598 1668 1726 1720 par-

93 1742 181 1779 va.
242 1724 334 1777 Ad
362 1724 507 1791 ligna
538 1725 740 1777 cariosa
775 1724 997 1789 abiegna
1032 1721 1087 1772 in
1115 1721 1356 1772 silvai-mn
1393 1722 1727 1789 Sphagnosa-

96 1814 209 1848 rum
244 1797 611 1863 penetralibuS.
676 1800 914 1853 Aestate,
949 1805 1202 1844 autumno.
1247 1795 1322 1862 (V.
1364 1797 1445 1861 v.)

166 1896 243 1951 Π.
306 1901 735 1955 SIMPLIGES,
765 1893 984 1962 peridiz’s
1011 1891 1324 1957 ventricosis,
1363 1891 1420 1941 ‘in
1447 1901 1584 1941 statu
1617 1909 1727 1940 mu-

312 1968 595 2035 cilaginosa
633 1965 882 2027 discretis,
922 1963 1137 2016 maturis
1169 1961 1538 2029 fitgaeissimis.
1596 1959 1727 2013 Sin-

312 2039 521 2111 gularis
561 2037 814 2107 analogia
864 2056 987 2087 cum
1024 2032 1467 2105 praecedentibus
1506 2033 1573 2083 ad
1614 2031 1729 2083 sin-

316 2112 472 2182 gulas
521 2109 723 2182 species
773 2108 938 2161 adest.
1011 2105 1385 2179 Hypothallus
1430 2103 1727 2176 primarius

315 2202 443 2235 raro
482 2181 720 2234 discerni
766 2192 959 2253 potest.

99 2281 153 2342 ⁵.
221 2287 279 2339 S.
317 2283 572 2350 oblonga,
623 2300 838 2354 sparsa,
885 2277 1097 2351 peridio
1136 2274 1482 2346 fugacissimo
1525 2287 1731 2330 ovato-

245 2354 549 2428 cylindrico
598 2352 960 2427 Sporidiisque
1003 2348 1201 2415 fuscis,
1250 2347 1430 2420 stipite
1476 2360 1588 2401 toto
1635 2367 1731 2421 pe·-

246 2438 514 2480 netrante.
630 2484 633 2487 ,

296 2510 526 2584 Sparsa,
555 2512 752 2579 absque
786 2505 1125 2580 hypothallo.
1188 2503 1368 2576 Stipes
1396 2524 1423 2556 e
1453 2506 1572 2558 basi
1604 2506 1730 2558 bul-

103 2581 300 2635 billosa
337 2584 639 2650 subulatus,
678 2579 881 2639 laeviS,
920 2577 1124 2640 nudus,
1160 2578 1424 2643 tenellus,
1469 2578 1558 2629 sed
1602 2577 1730 2628 stri-

103 2665 238 2720 ctus,
277 2654 483 2708 lineam
526 2655 673 2707 haud
713 2651 997 2722 attingens.
1113 2647 1394 2701 Peridium
1434 2648 1729 2717 oblongum

101 2724 158 2779 h.
191 2743 236 2780 e.
267 2725 841 2800 ovato-cylindricum,
881 2719 1268 2787 ventricosum,
1300 2718 1727 2784 fugacissimum.

71 2793 407 2870 ·Stylidium
439 2811 612 2851 totum
650 2793 950 2869 percurrit,
995 2793 1087 2844 sed
1134 2791 1194 2843 in
1227 2790 1431 2863 papilla
1467 2790 1730 2841 termina-

102 2878 234 2924 tum.
321 2868 579 2941 Sporidia
635 2888 757 2921 cum
802 2864 1063 2936 capillitio
1107 2863 1289 2928 fusca,
1332 2881 1428 2912 nec
1458 2879 1729 2932 purpura-

103 2938 304 2992 scentia
321 2981 334 3005 ,
361 2941 590 2998 minuta.
653 2940 744 2994 Ad
765 2938 911 3005 ligna
934 2935 1150 3005 putrida
1167 2935 1346 3005 pinea,
1377 2943 1586 2993 aestate,
1601 2951 1728 3001 pas-

105 3010 216 3066 sim.
256 3012 334 3077 (V.
358 3012 459 3084 v.)
