1887 3255
153 142 262 196 514-
817 146 1105 205 UREDO.

151 286 402 340 Schwein.
449 292 572 357 Syn.
635 293 750 343 Gar.
807 291 934 343 Dec.
982 291 1064 344 Fl.
1106 293 1194 344 Fr.
1242 301 1338 347 etc.
1389 324 1452 331 —
1512 290 1768 349 Ceterum

149 356 296 409 haud
331 358 602 410 minorem
618 378 909 411 numerum
939 379 982 413 s.
1017 361 1065 414 d.
1105 360 1404 432 specierum
1435 362 1767 420 ineditarum

149 447 332 481 servo.
415 430 835 482 Observandum
874 444 1050 483 tamen
1098 453 1206 485 non
1257 453 1451 505 paucas
1502 437 1567 487 at]
1607 438 1767 490 Aeci-

150 500 240 552 dia
278 501 502 565 relata5‚
549 513 660 553 tam
700 502 767 554 ad
809 501 1100 567 Uredines,
1138 523 1298 574 quam
1333 507 1399 558 ad
1437 507 1765 579 alia·genera

147 569 325 642 potius
361 572 649 645 pertinere.

550 884 782 938 xxvn.
853 881 1144 940 UREDO.
1196 856 1361 942 Pers.

202 1000 361 1044 Uredo.
415 1003 536 1040 Pers.
567 996 677 1050 disp.
707 1005 747 1036 et
772 1000 901 1038 Auct.
927 1000 1048 1052 plur,
1107 1002 1292 1053 Reliqua
1323 1017 1425 1060 syn.
1456 1009 1534 1047 sub
1562 1007 1757 1059 Aecidio.

289 1080 516 1135 CHAR.
581 1080 1127 1151 Pseudo-peridium
1162 1086 1372 1139 nulium
1409 1101 1500 1140 aut
1539 1089 1755 1161 irregu-

139 1155 335 1208 lariter
374 1153 681 1215 dehiscens3
730 1151 970 1220 sporidia
1010 1155 1183 1222 enim,
1241 1158 1410 1226 primo
1460 1161 1755 1214 cohaeren-

61 1248 67 1251 s
139 1228 243 1292 tia,
286 1226 452 1295 vulgo
498 1221 794 1276 tenerrima
834 1223 1176 1293 epidermidis
1215 1229 1465 1298 pellicula
1522 1232 1752 1286 distenta

138 1311 349 1350 tantum
378 1309 511 1348 tecta
552 1313 714 1364 eaque
746 1307 906 1364 rupta
944 1294 1145 1365 libera,
1191 1302 1380 1367 effusa,
1433 1304 1751 1375 sporidiolis

135 1371 192 1422 fa
201 1382 327 1421 reta.
538 1386 563 1413 o

281 1440 437 1493 Obs.
481 1439 529 1491 l.
603 1436 892 1503 Rationes,
934 1437 1000 1490 ob
1046 1457 1176 1508 quas
1212 1438 1483 1494 Uredines
1525 1443 1590 1494 ab
1634 1445 1750 1496 Ae-

135 1513 291 1566 cidiis
335 1509 750 1579 distinguimus,
785 1528 946 1580 supra
983 1509 1093 1585 jam
1137 1510 1519 1569 indicavimus.
1605 1513 1749 1568 Puc-

134 1585 309 1637 ciniae
348 1583 603 1633 differunt
625 1579 876 1650 sporidiis
912 1582 1176 1651 pedicello
1215 1583 1449 1650 aduafis,
1485 1585 1629 1637 haud
1669 1588 1750 1638 ef-

132 1657 294 1715 fusis,
334 1655 501 1723 vussgo
538 1650 787 1721 septatis3
824 1663 876 1702 at
908 1653 1151 1722 priorem
1181 1653 1537 1706 differentiam
1569 1659 1744 1727 magis

134 1726 477 1779 essentialem
514 1723 729 1782 censeo,
782 1735 842 1772 ut
871 1724 1071 1793 species
1115 1724 1371 1794 sporidiis
1408 1727 1552 1778 haud
1588 1729 1743 1798 pedi-

133 1798 370 1861 cellatis‚
402 1795 493 1847 sed
532 1793 718 1845 liberis
754 1805 803 1844 et
827 1794 1039 1855 effusis,
1071 1808 1309 1848 ceterum
1335 1796 1740 1867 bilocularibus,

130 1890 183 1924 v.
225 1890 265 1922 c.
301 1866 602 1922 Puccv‘m'am
637 1869 921 1917 Anemones
960 1872 1019 1919 P.
1057 1866 1122 1917 ad
1167 1865 1404 1920 Urdines
1440 1869 1616 1939 potius
1652 1890 1741 1922 re-

129 1943 360 2003 ferrem3
425 1936 816 2003 Pucciniasque
871 1936 1235 1989 uniloculares
1296 1938 1538 1995 Decand.
1586 1942 1738 2012 pedi-

128 2014 266 2065 cello
312 2012 555 2078 elongato
589 2020 639 2059 et
670 2007 863 2061 adflato
897 2028 948 2060 v.
986 2029 1029 2062 c.
1079 2015 1291 2061 Caeoma
1325 2030 1591 2079 macropus
1626 2011 1735 2066 Lk.

127 2085 227 2138 sub
276 2083 378 2137 hoc
429 2099 624 2150 genere
674 2098 967 2133 servarem.
1048 2078 1200 2131 Haec
1246 2081 1428 2133 saltim
1481 2083 1735 2137 limitatio

126 2177 249 2209 cum
298 2150 647 2223 vegetationis
702 2150 930 2202 historia
985 2163 1035 2202 et
1081 2165 1305 2203 externa
1359 2153 1499 2205 facie
1556 2155 1731 2225 magis

124 2226 395 2281 convenit.
473 2222 742 2275 Uredines
788 2222 932 2273 enim
990 2222 1312 2274 biloculares
1362 2226 1731 2293 pulveraceae,

121 2314 440 2371 praecoces,
478 2294 644 2345 herba
682 2306 920 2343 emortua
961 2294 1095 2344 hand
1143 2294 1432 2363 perfectius
1481 2297 1732 2365 explica—

121 2385 205 2423 tae
224 2384 316 2424 etc.
357 2366 469 2419 Cfr.
494 2378 726 2416 ceterum
752 2365 1063 2417 Puccim'am.
1120 2364 1285 2416 Acuti
1309 2379 1484 2416 autem
1505 2368 1728 2420 omnino

120 2442 320 2496 limites
355 2438 493 2489 intra
536 2455 735 2504 genera
771 2436 969 2486 horum
1019 2436 1567 2504 semivegetabilium,
1606 2457 1728 2509 spe..

122 2515 229 2567 cies
266 2529 426 2563 sensu
447 2507 678 2575 genuino
707 2507 845 2558 haud
877 2507 1245 2572 offerentium,
1277 2508 1408 2577 poni
1439 2521 1726 2577 nequeunt.

235 2710 318 2747 do·
325 2707 497 2760 peridia
520 2706 711 2759 elevata,
743 2720 913 2758 prorsus
941 2707 1092 2761 libera,
1126 2706 1386 2761 cyliizdrzba,
1409 2705 1717 2767 flowzformffi,

231 2767 410 2806 discreta
450 2764 639 2814 (omnino
685 2765 936 2818 Phyllerii),
957 2774 1016 2805 aet
1063 2766 1244 2813 sporidia
1290 2766 1500 2805 continent
1535 2768 1716 2812 Aecidii,

233 2826 338 2863 Cum
369 2823 488 2862 unica
518 2823 610 2860 talis
639 2823 828 2862 formatio
847 2823 891 2861 in
920 2820 1031 2862 foliis
1063 2823 1277 2876 Cynanchi
1309 2824 1576 2863 Vinceioxici
1612 2828 1718 2865 lecta

232 2883 285 2921 sit
300 2911 311 2931 ,
345 2907 401 2923 ,-
435 2882 502 2919 hic
529 2880 774 2919 evolationis
801 2888 924 2919 status
949 2890 994 2920 ut
1027 2879 1360 2931 Triphragmium
1387 2894 1528 2930 parum
1553 2885 1716 2921 notabi-

230 2941 282 2979 lis
303 2948 377 2981 est.
428 2940 485 2977 At
512 2949 665 2988 genere
695 2938 1042 2990 distinguendum,
1071 2939 1107 2978 si
1135 2951 1281 2983 vei-um
1313 2937 1538 2979 Aecidium
1567 2940 1610 2978 in
1642 2953 1714 2979 ea-

230 3000 324 3036 dem
347 3000 483 3046 planta
517 3003 725 3046 repertum
753 2996 894 3041 fuerit,
