1887 3255
749 130 1039 188 UREDO.
1596 128 1703 183 515

236 268 391 324 Obs.
429 270 485 327 2.
529 269 800 325 Uredines
832 290 941 322 non
988 282 1196 324 tantum
1229 287 1412 323 omnes
1444 269 1702 323 Monoco-

91 340 409 414 tyledoneas
445 355 495 394 et
533 341 816 414 praecipue
855 342 1199 400 Gramineas‚
1248 342 1309 394 in
1346 341 1540 411 quibus
1581 345 1701 413 plu-

36 437 40 442 ·
93 414 231 464 rima
261 414 632 486 praecedentia
670 431 866 480 genera
900 413 1042 464 haud
1076 415 1294 467 obviam
1342 415 1594 474 veniunt,
1652 427 1704 465 et

93 483 552 557 Dicotyledoneas
591 485 875 544 infestant,
920 487 1008 536 sed
1049 486 1211 537 etiam
1248 484 1447 537 Filices
1482 499 1531 535 et
1569 505 1702 553 quo-

95 556 408 618 dammodo,
448 567 699 607 monente
732 574 940 623 quoque
977 555 1210 617 Liuium,
1255 556 1411 607 etiam
1452 555 1705 608 Varioia-

95 627 210 679 riae
242 628 573 686 Lichenum,
608 626 731 676 licet
763 627 1176 698 anamorphosis
1212 627 1592 697 incompietior
1618 627 1705 693 sit,

95 710 155 750 ut
197 699 555 750 Lichenosam
585 697 778 748 faciem
805 712 1049 763 servent,
1099 719 1194 768 pro
1237 698 1539 751 Uredinum
1576 719 1707 751 ana-

96 770 242 839 logia
282 770 469 820 haberi
509 781 739 838 possent.
808 772 955 820 Inter
996 770 1094 821 has
1150 790 1335 822 omnes
1380 771 1608 840 species,
1660 770 1709 822 si

96 843 230 893 tales
265 859 702 909 agnosceremus,
746 840 974 892 seorsim
1018 841 1321 892 describere
1367 855 1416 893 et
1454 843 1710 894 determi-

97 930 258 976 nare,
306 931 425 962 cum
465 912 564 963 vix
596 912 876 981 pauciores
916 912 1020 963 sint
1056 931 1216 981 quam
1243 913 1551 982 plantarum
1595 920 1711 967 Va-

97 982 395 1043 scularimn‚
436 982 534 1035 vix
558 983 779 1035 minoris
807 984 948 1035 soret
978 983 1176 1035 laboris
1201 1003 1359 1051 quam
1391 984 1487 1037 has
1525 1005 1710 1038 omnes

99 1054 484 1120 determinare,
520 1067 576 1105 ut
600 1074 668 1106 ne
711 1056 950 1108 hominis
981 1055 1092 1108 vita
1117 1055 1335 1124 quidem
1367 1056 1433 1107 ad
1476 1076 1563 1109 eas
1601 1057 1713 1110 dis-

99 1126 392 1178 cernendas
419 1126 707 1191 sufficeret,
740 1140 797 1179 ev
814 1127 1082 1199 plurimae
1107 1128 1325 1178 demum
1355 1140 1564 1180 tantum
1591 1130 1712 1181 loco

99 1197 271 1249 natali
310 1197 603 1250 differrent.
679 1197 802 1251 Hoc
838 1199 1216 1270 perspicientes
1242 1198 1501 1251 acutiores
1527 1219 1714 1253 earum

102 1269 475 1321 observatores
516 1269 915 1322 characteribus
955 1289 1217 1341 congruas
1269 1270 1366 1321 sub
1409 1290 1449 1324 s.
1487 1272 1538 1322 d.
1593 1291 1715 1343 spe-

102 1340 284 1392 ciebus
315 1340 770 1411 comprehendere
794 1343 1130 1408 studuerunt,
1165 1340 1255 1394 sed
1283 1340 1486 1394 limites
1513 1343 1717 1396 frustra

102 1410 349 1480 quaesivi
398 1425 449 1464 et
492 1412 633 1464 hanc
672 1414 986 1466 methodum
1025 1413 1187 1465 etiam
1231 1412 1581 1467 arbitrariam
1629 1415 1718 1467 in-

103 1482 252 1537 Veni.
784 1511 793 1548 E

252 1552 406 1607 Obs.
457 1552 509 1607 3.
581 1552 944 1606 Differentiae
997 1553 1142 1607 inter
1198 1555 1471 1609 Uredines
1535 1555 1718 1627 plures

105 1637 288 1676 tamen
337 1635 386 1674 et
437 1624 798 1677 evidentiores
848 1638 996 1692 sunt,
1062 1646 1222 1695 quam
1271 1628 1416 1679 inter
1470 1627 1717 1681 Aecidia.

105 1696 255 1747 Licet
287 1695 523 1765 pseudo·
543 1697 812 1767 peridium
842 1698 899 1749 in
928 1698 1201 1770 plerisque
1228 1699 1579 1766 desideretur,
1608 1699 1722 1770 epi-

110 1766 370 1819 dermidis
403 1767 711 1820 dehiscendi
755 1770 937 1831 modo,
986 1771 1365 1823 acervulorum
1404 1770 1582 1822 forma
1621 1783 1720 1825 etc.

107 1838 219 1912 jam
261 1838 493 1889 multum
526 1839 802 1894 differunt.
881 1843 957 1893 At
979 1854 1236 1910 quantum
1259 1843 1357 1894 hae
1383 1842 1723 1894 differentiae

110 1910 379 1981 pendeant
422 1929 449 1960 e
494 1910 600 1961 situ
647 1910 707 1962 in
760 1912 942 1978 caule,
995 1913 1191 1978 ramis,
1241 1913 1387 1965 foliis
1428 1932 1724 1983 eorumque

111 1981 322 2045 nervis,
361 1980 541 2031 fructu
573 1994 666 2035 etc.
713 1983 1084 2051 Goniferarum,
1129 1990 1302 2038 Rosae
1331 1985 1754 2056 plurimarum-·

114 2072 216 2120 que
258 2051 528 2104 Uredines
572 2054 699 2104 satis
739 2067 1019 2108 testantur.
1099 2057 1424 2127 Praecipuas
1467 2057 1725 2108 differen-

114 2123 212 2174 tias
255 2125 512 2174 offerrent
545 2127 694 2176 color
732 2126 1092 2196 sporidiorum
1127 2141 1176 2180 et
1219 2129 1413 2182 forma.
1496 2129 1578 2180 Ad
1619 2133 1726 2181 Ae-

93 2195 256 2245 ·cidia
294 2195 463 2262 magis
510 2197 764 2248 accedunt
812 2218 996 2250 omnes
1042 2200 1243 2270 species
1286 2199 1540 2271 sporidiis
1588 2193 1727 2251 laete

117 2266 370 2317 coloratis
405 2267 780 2332 (aurantiacis‚
822 2270 1014 2336 fulvis,
1065 2273 1504 2342 pallescentibUS,
1546 2272 1725 2339 albis),

119 2338 184 2388 ad
224 2339 498 2390 Puccim'as
541 2340 721 2390 colore
764 2340 1088 2394 fuscescente
1113 2345 1186 2412 *y
1264 2343 1452 2411 Quoad
1490 2343 1726 2394 formam

120 2427 149 2458 e
176 2409 398 2472 globosa
442 2411 502 2461 in
536 2426 774 2476 ovatam‚
824 2414 1108 2481 oblongam
1149 2430 1200 2466 et
1239 2415 1596 2488 cylindricam
1633 2415 1728 2465 ab·

121 2491 276 2539 eunt,
328 2500 485 2551 saepe
528 2482 710 2534 varias
756 2483 949 2536 mixtas
996 2486 1053 2536 in
1106 2487 1301 2538 eodem.
1337 2507 1549 2540 acervo.
1619 2485 1727 2538 Sed

119 2550 484 2620 sporidiorum
528 2553 704 2605 forma
760 2567 809 2605 et
857 2557 1002 2607 color
1055 2559 1118 2608 ad
1176 2559 1376 2629 species
1419 2559 1728 2609 limitandas

121 2640 248 2672 raro
288 2625 608 2694 conspirant.
669 2624 759 2677 Sic
793 2646 842 2678 V.
881 2647 923 2681 c,
971 2631 1135 2680 Uredo
1172 2632 1395 2682 candida-
1434 2630 1516 2695 P,
1550 2631 1728 2680 colore

124 2693 257 2743 bene
281 2693 534 2762 limitata,
572 2696 630 2747 in
670 2697 899 2749 diversis
934 2700 1131 2769 plantis
1165 2692 1453 2755 diverssam‘
1472 2714 1730 2751 monstrat

168 2878 213 2932 ³¹²)
242 2881 317 2919 Est
348 2882 437 2921 sine
467 2883 592 2923 dubio
619 2883 827 2923 difficilius
859 2885 1060 2924 Uredines
1086 2899 1108 2925 a
1136 2886 1343 2925 Pucciniis
1372 2898 1495 2935 quam
1519 2888 1570 2923 ab
1597 2885 1726 2924 Aeci-

233 2941 312 2977 diis
351 2942 429 2980 rite
474 2950 515 2980 et
555 2952 724 2982 naturae
766 2945 1061 2983 convenienter
1101 2946 1372 2996 distinguere.
1439 2946 1509 2983 Ab
1538 2945 1724 2983 Uredine

233 3005 449 3048 utrumque
477 3012 609 3051 genus
643 3002 871 3043 adscendit.
