1887 3255
597 104 1159 162 STILBOSPORA.
1574 101 1683 157 483

215 247 484 302 Acervuli
518 245 782 316 elongati,
820 247 972 299 tarde
995 242 1416 317 erumpentes‘et
1451 241 1680 293 subinde

74 319 264 372 ‘forsan
308 337 629 388 numquam,
684 317 775 369 sed
829 317 931 369 hoc
975 319 1040 369 ad
1089 314 1302 388 generis
1346 324 1534 385 typum
1579 312 1681 366 vix

78 391 351 462 pertinere
385 402 572 462 potest.
642 390 733 442 Ad
770 386 908 454 folia
956 390 1276 442 Graminum.

76 476 130 530 5.
224 484 275 530 G.
312 475 600 544 confluens,
641 485 896 526 stromate
934 476 1108 535 nulle,
1139 469 1396 546 sporidiis
1431 469 1680 523 ovalibus

219 547 381 600 rectis
411 546 552 599 atris.
625 548 835 598 Ktmze!
865 547 920 595 in
952 547 1131 612 lVeig.
1166 545 1336 598 Surin.

218 632 423 684 Acervi
459 629 706 695 oblongi,
750 629 960 701 saepius
1013 632 1356 681 confluentes.
1423 627 1682 699 Sporitlia

78 702 313 768 gelatina
353 702 533 775 juncta
582 700 814 752 seriatim
864 701 1131 770 secedunt.
1190 706 1353 753 Kunz.
1424 701 1513 752 Ad
1533 698 1683 768 solia

79 775 268 826 Pam'ci
301 774 356 830 in
395 771 656 839 Gucejana.
698 774 774 836 (v.
811 778 880 839 S.)

221 844 366 896 obs.
436 847 580 894 Inter
599 842 1054 914 Pyrenomycetes
1083 851 1160 891 est
1195 838 1438 891 Labrella
1463 837 1557 890 Fr.
1593 837 1682 892 El.

81 916 489 984 Cryptosporium
524 913 819 985 perithecio
854 915 991 984 (fere
1011 911 1221 985 spurio)
1245 921 1478 964 auctum.
1536 907 1685 961 Huic

80 986 266 1039 ultima
300 1005 441 1058 speC.
480 986 640 1037 valde
680 986 893 1040 accedit.

270 1310 392 1360 XII.
461 1305 1019 1362 STILBOSPORA.
1085 1306 1241 1359 Pers·
1288 1308 1496 1362 emend.

139 1421 418 1471 Stilbosporae
444 1437 554 1472 spec.
583 1426 709 1464 Auci.
744 1423 1022 1471 Stilbosporae
1059 1431 1097 1461 et
1125 1424 1387 1463 BIelanconii
1436 1436 1549 1473 spec.
1578 1425 1687 1464 Link

197 1486 317 1532 Spec.
351 1483 635 1530 Sporodesmii
667 1494 780 1529 spec,
847 1481 996 1521 Corda.

222 1562 450 1618 CHAR.
521 1563 777 1635 Sporidia
821 1575 1022 1633 septata
1074 1562 1262 1633 (septis
1307 1581 1438 1616 vero
1485 1564 1689 1635 passim

83 1635 346 1699 evanidis)
406 1635 720 1706 sporidiolis
775 1634 971 1699 fat-cta,
1032 1632 1091 1684 in
1137 1635 1391 1685 nucleum
1451 1636 1688 1705 (absque

81 1706 299 1777 proprio
334 1707 651 1777 perithecio)
705 1707 1096 1776 conglutinata,
1145 1705 1357 1757 demum
1402 1724 1690 1780 erumpen-

84 1777 158 1830 tia
193 1777 380 1832 libera.
443 1781 587 1831 Color
616 1778 780 1843 niger.

230 1862 384 1916 Obs.
416 1865 462 1916 l.
496 1861 751 1932 Sporidia
773 1860 1085 1934 majuscula,
1121 1859 1333 1912 variant
1359 1859 1688 1922 fusiformia,

84 1933 401 2001 oblongata,
468 1932 1041 2004 ovato-pyriformia,
1094 1943 1146 1981 at
1201 1930 1301 1982 vix
1354 1931 1688 2000 pedicellata.

84 2002 396 2073 Singularia
435 2018 558 2056 sunt
594 2004 834 2075 sporidia
857 2003 1055 2074 passim
1095 2001 1400 2072 composita.
1455 2001 1690 2055 Multum

87 2094 157 2125 ex
196 2089 364 2128 aetate
399 2089 705 2140 mutantur,
747 2088 797 2126 et
834 2074 1115 2145 specimina
1156 2073 1326 2124 habeo
1362 2073 1549 2125 eodem
1573 2074 1692 2126 loco

87 2145 313 2199 diversis
352 2148 609 2199 aetatibus
649 2148 899 2206 collecta,
936 2164 1070 2211 quae
1101 2143 1315 2197 diversa
1335 2146 1558 2214 fingeres
1597 2165 1691 2213 ge-

85 2235 235 2271 nera.
306 2216 399 2271 Sic
453 2238 507 2272 v,
554 2240 596 2272 c.
639 2219 804 2269 aliam
851 2216 968 2268 vidi
1015 2215 1158 2268 Stilb.
1198 2227 1399 2266 ovatum
1435 2216 1690 2286 sporidiis

88 2289 335 2358 septatis,
375 2290 538 2341 aliam
584 2289 722 2340 haud
753 2287 997 2360 septatis,
1038 2305 1167 2355 quas
1202 2286 1301 2338 vix
1342 2287 1689 2356 distinguam.

90 2358 309 2426 (Simile
353 2362 417 2412 de
453 2362 747 2429 Didymosp.
785 2364 974 2411 elevato
1025 2360 1274 2410 observat
1316 2357 1515 2428 Link.)
1591 2362 1690 2411 Ce-

87 2441 266 2482 terum
301 2431 402 2483 hoc
435 2451 604 2501 genus
641 2432 773 2482 adeo
815 2430 962 2483 omni
996 2429 1332 2500 vegetatione
1379 2443 1428 2480 et
1470 2428 1690 2482 historia

88 2520 209 2552 cum
245 2503 587 2570 sequentibus
619 2503 898 2567 convenit,
933 2513 992 2552 ut
1026 2502 1180 2552 nullo
1205 2501 1361 2552 modo
1395 2502 1538 2552 lente
1560 2501 1693 2553 sim-

87 2571 217 2642 plici
257 2574 448 2636 (multo
481 2574 661 2625 minus
708 2575 932 2644 species)
976 2571 1206 2623 discerni
1253 2584 1464 2641 queant.
1501 2602 1569 2610 —
1612 2576 1691 2626 At

87 2640 534 2765 gSporodesmio
583 2658 692 2698 tota
730 2664 824 2697 sua
869 2643 1052 2697 indole
1101 2643 1240 2696 mihi
1287 2642 1565 2696 diversum
1606 2646 1690 2698 vi-

125 2726 300 2768 entur.

222 2796 377 2850 obs.
417 2797 471 2850 2.
526 2774 844 2868 Stilbospora'
895 2797 1187 2870 perithecio
1236 2810 1386 2850 aucta
1431 2813 1510 2854 est
1557 2808 1688 2857 Pro-

81 2866 345 2991 sothe-mium
377 2867 588 2934 Kunz.,
631 2883 692 2923 ut
738 2871 1090 2942 Naemaspota
1140 2869 1327 2922 eadem
1372 2872 1688 2935 rationeufit

120 2948 366 3007 yttspora.
1441 2967 1448 2974 ·
