1887 3255
616 113 635 125 ’
685 99 1061 186 ΕιίῐειΡΗΕ
1571 118 1678 177 235

63 297 192 332 vero
237 277 297 329 in
344 278 522 349 prima
563 275 821 335 sectione3
881 270 984 323 soli
1033 270 1226 323 adsunt
1276 271 1337 324 in
1371 270 1528 322 tertia
1561 273 1676 325 sive

60 348 482 420 Podosphaeria.
542 346 691 400 Addi
720 353 896 424 posset
932 354 1136 409 quarta,
1167 353 1277 394 tam
1302 340 1490 402 thallo‚
1517 363 1677 411 quam

62 419 253 472 fulcris
291 420 571 480 destituta,
604 416 651 468 si
696 412 959 488 ejusmodi
994 413 1202 465 formae
1240 432 1268 463 a
1307 412 1580 482 prioribus
1626 428 1678 466 et

61 491 390 562 Perisporiis
419 504 532 543 tuto
573 484 832 554 distingui
867 495 1100 552 possent.
1143 516 1212 524 —-
1255 483 1533 536 Peridiola
1572 486 1676 538 hoc

61 582 228 631 genus
270 582 381 614 non
417 560 588 629 magis
637 575 797 627 quam
845 554 1227 625 Polysaccum‚
1276 556 1342 607 ad
1389 555 1674 626 Angi0g0-

63 644 199 685 sires
240 633 581 685 transferunt.
664 625 977 698 Sporidiola
1034 625 1286 695 sporidiis
1339 626 1549 697 saepius
1588 628 1676 680 in-

63 705 227 764 clusa,
261 704 416 756 ut-in
452 700 623 755 variis
656 698 874 752 Pezizis
906 708 956 747 et
994 693 1274 766 Sphaeriis
1307 698 1492 750 videre
1528 698 1675 752 licet.

205 786 604 842 HESTOREA.
663 784 761 836 Est
789 781 1042 851 Erys‘e‘phe
1072 779 1287 846 dietum,
1327 794 1386 833 ut
1427 784 1493 834 ad
1530 786 1675 856 Ερυ-

64 863 225 931 σιβην
269 859 599 913 Graecorum
626 855 895 908 accedens.
969 851 1060 903 Ex
1105 852 1311 905 ordinis
1359 853 1479 906 idea
1530 855 1675 907 inter

65 931 521 1004 Gasteromycetes
565 939 615 980 et
656 927 1114 1000 Pyt-enomycetes
1159 924 1426 991 medium,
1466 940 1516 978 et
1553 947 1676 979 cum

61 996 204 1053 inter
234 1001 330 1053 has
365 1003 559 1053 classes
591 999 923 1051 characteres
956 995 1094 1046 nulli
1126 994 1266 1046 acuti
1292 998 1557 1068 propositi
1582 1018 1677 1050 es—

61 1085 206 1138 sent⁷
236 1092 340 1124 eas
371 1073 472 1124 hoc
501 1071 560 1123 in
596 1089 753 1141 opere
801 1065 1108 1141 conjunctas
1137 1068 1393 1134 tractavi,
1439 1069 1565 1120 licet
1607 1072 1672 1122 ob

61 1155 242 1194 centra
281 1144 385 1196 duo
437 1142 713 1197 evidenter
749 1139 962 1192 diversa
1014 1150 1064 1189 et
1110 1137 1356 1207 equidem
1399 1140 1695 1199 lubentius.

62 1213 405 1283 distinguam.
447 1246 516 1254 —-
565 1210 818 1265 Affinitas
867 1210 1246 1280 proximorum
1290 1210 1451 1261 facile
1510 1225 1670 1283 patet,

61 1304 211 1354 quae,
251 1297 310 1337 ut
349 1286 511 1338 etiam
547 1284 828 1343 Eurotinm,
869 1281 1130 1332 conferas.
1175 1313 1244 1319 —-
1271 1278 1523 1334 Ceterum
1550 1285 1671 1337 Vul-

60 1356 399 1425 gatissimum
428 1375 595 1426 genus
611 1393 627 1421 >
663 1351 1125 1405 naturalissimum
1143 1389 1157 1411 ‚
1183 1351 1485 1404 formarum
1517 1355 1672 1425 copia

60 1427 386 1479 ditissimum
399 1449 414 1494 3
461 1427 587 1479 inde
629 1445 759 1479 vero
798 1423 1096 1495 specierum
1122 1422 1375 1475 limitatio
1414 1424 1673 1478 difficilli-

59 1518 175 1558 ma,
225 1519 389 1568 quare
422 1498 646 1550 Veteres
687 1517 757 1548 ex
796 1495 985 1547 habitu
1018 1493 1299 1546 simillimo
1320 1533 1335 1556 ,
1395 1495 1443 1547 si
1474 1516 1670 1567 paucas

59 1571 238 1635 modO,
267 1590 320 1623 V.
362 1590 401 1621 c.
434 1575 497 1623 E.
529 1587 843 1636 pannosam,
886 1566 1124 1632 fuscam,
1162 1566 1454 1636 exceperis,
1486 1587 1671 1621 omnes

60 1640 467 1714 conjungebant.
548 1637 704 1692 Certe
743 1656 948 1708 quoque
984 1636 1319 1687 differentiae
1345 1638 1498 1689 varie
1550 1660 1671 1691 mu-

61 1723 257 1774 tantur,
292 1732 344 1765 v.
380 1732 422 1763 c.
460 1730 530 1762 ex
568 1723 738 1762 aetate
771 1711 936 1771 color,
978 1728 1004 1759 6
1048 1708 1166 1759 loco
1205 1708 1323 1778 plus
1357 1708 1535 1761 minus
1566 1711 1671 1762 hu-

60 1782 209 1834 mido
266 1783 444 1837 forma
483 1783 730 1853 depressa
747 1822 757 1842 ¹-
810 1801 836 1832 e
884 1779 1083 1833 Vestitu
1131 1780 1346 1849 plantae
1394 1792 1672 1848 maternae

61 1853 262 1906 thallus
300 1874 344 1909 e.
383 1874 421 1906 s,
461 1875 512 1924 p.
587 1853 829 1906 Plurimi
885 1871 954 1904 ex
995 1850 1222 1921 plantis,
1275 1850 1465 1919 quibus
1511 1852 1671 1905 inna-

60 1937 298 1992 scuntur,
336 1926 538 1997 species
566 1925 932 1994 distinguunt,
961 1935 1015 1972 at
1042 1921 1102 1973 in
1135 1922 1406 1974 diffinibus
1451 1922 1672 1976 similli-

59 2015 173 2048 mas
222 1996 339 2050 vidi
379 1996 611 2060 formas,
650 1996 715 2048 in
759 1995 997 2048 maxime
1039 1992 1287 2045 affinibUs
1323 1994 1485 2064 longe
1523 2016 1672 2048 rece-

61 2067 258 2120 dentes.
334 2065 474 2120 Sunt
505 2067 649 2120 enim
689 2065 988 2139 Erysiphes
1037 2063 1237 2135 species
1272 2064 1444 2116 libere
1483 2069 1672 2120 evolu-

60 2149 146 2189 tae
191 2150 242 2189 et
283 2139 663 2210 superficiales,
708 2139 888 2208 quales
929 2137 1086 2205 fungi
1125 2136 1232 2187 late
1270 2150 1503 2205 vagant,
1543 2139 1672 2191 dum

58 2207 361 2283 Entophyti
402 2222 453 2261 et
496 2229 525 2262 a
565 2209 903 2280 vegetatione
949 2206 1189 2259 matricis
1228 2210 1516 2278 pendentes
1555 2230 1671 2261 cer-

59 2291 144 2331 tae
179 2281 394 2352 plantae
428 2281 599 2352 magis
638 2279 890 2351 adscripti
940 2291 1080 2332 sunt.
1157 2278 1280 2332 Jam
1320 2277 1456 2332 Cell.
1492 2285 1671 2335 Wan-

59 2353 175 2403 νοΐ-ἠ
206 2363 260 2404 et
297 2354 733 2415 Sclzleclztendalzl,
765 2370 894 2421 quos
928 2350 987 2402 in
1023 2350 1424 2403 definitionibus
1458 2363 1554 2406 etc,
1587 2373 1670 2404 se-

60 2434 210 2475 cutus
246 2442 383 2490 sum,
422 2443 622 2477 novam
648 2423 1010 2494 ingredientes
1041 2421 1190 2473 viam
1219 2420 1419 2493 species
1448 2424 1512 2474 ad
1543 2424 1670 2475 cha-

58 2506 291 2546 racteres
317 2496 626 2548 essentiales
647 2495 881 2547 feliciter
909 2493 1260 2554 reduxerunt,
1285 2506 1350 2554 et,
1385 2494 1669 2565 {icetpau-

59 2565 230 2616 ciores
255 2566 428 2618 adhuc
463 2586 782 2638 proponam,
814 2584 925 2617 non
954 2564 1000 2616 is
1045 2584 1183 2630 sum,
1213 2565 1303 2633 qui
1333 2565 1436 2617 hoc
1474 2566 1670 2619 rectius

25 2635 259 2697 dicam,
298 2637 389 2688 sed
445 2657 603 2709 scopo
641 2650 827 2691 nostro
877 2638 951 2688 ita
1011 2635 1138 2687 satis
1180 2636 1397 2688 videtur
1450 2637 1668 2690 factum.

58 2705 338 2775 Quidquid
381 2708 526 2760 enim
563 2710 627 2761 de
682 2710 767 2762 his
808 2707 1083 2777 speciebus
1118 2706 1418 2779 judicetur,
1454 2728 1552 2759 nec
1585 2709 1671 2760 in-

57 2777 263 2829 dustria
297 2779 543 2832 mortalis
583 2782 647 2832 ad
692 2779 928 2849 singulas
961 2777 1166 2830 formas
1207 2779 1499 2848 fungorum
1535 2778 1670 2852 Epi-

55 2848 378 2921 phyllorum
416 2870 487 2902 ex
531 2853 718 2904 eodem
760 2865 890 2923 typo
938 2848 1216 2902 evidenter
1255 2862 1525 2921 ortorum,
1580 2853 1672 2903 sed

54 2939 154 2988 pro
198 2939 404 2989 quaque
436 2923 622 2993 planta
667 2922 1032 2984 variatortmi,
1103 2920 1510 2984 describendas,
1574 2943 1672 2974 nec

55 3009 209 3043 mens
251 2990 487 3046 humana
529 2993 594 3047 ad
635 3012 821 3047 earum
861 2990 1077 3047 diversa
1135 2991 1356 3046 nomina
1409 2993 1669 3046 memoria

1035 3063 1046 3086 δ
