1887 3255
663 123 1116 180 DEMATIUM.
1593 122 1701 177 365

81 293 243 340 nuos,
278 272 574 346 simplices,
610 267 904 333 discretae,
941 283 1163 339 opacae,
1206 265 1358 335 apice
1402 284 1536 318 vero
1585 270 1705 338 pel-

81 345 296 400 lucidae
330 357 381 397 et
427 341 666 396 exsertae
699 339 895 393 nudae.
964 338 1197 391 Variant
1227 337 1398 389 fibrae
1416 336 1555 388 insta
1586 361 1701 392 me-

83 418 237 471 dium
289 415 518 478 divisae,
558 433 669 466 non
718 419 852 466 vero
908 409 1056 480 apice
1108 407 1189 461 uti
1244 409 1701 479 Cladosporiorum‚

82 509 208 546 cum
254 489 448 558 quibus
497 485 658 539 facile
706 481 1081 535 confunderes,
1165 479 1425 552 Sporidia
1470 482 1701 550 minuta,

82 562 326 631 globosa,
377 577 567 630 opaca,
611 573 766 624 saepe
807 551 1595 620 monilisormi-concatenata‚
1643 569 1703 606 ut

82 633 143 686 in
184 638 251 687 D.
296 632 468 698 griseo
508 628 617 702 jam
662 623 977 679 observavit
1021 624 1238 676 acutiss.
1277 624 1517 681 Ehrenb.
1590 625 1719 678 No-,

84 723 211 756 vam
247 703 415 767 hanc,
463 711 649 752 contra
684 698 856 763 legem
894 696 1308 766 praescriptam,
1351 696 1559 750 inserui
1583 718 1704 769 spe-

85 776 249 835 ciem,
302 792 423 825 cum
461 770 767 825 luculenter
813 768 1144 819 demonstret
1191 771 1493 836 Gonopleam
1542 771 1705 837 hispi-

82 846 255 901 dulam
290 845 355 896 ab
392 843 495 895 hoc
538 859 737 912 genere
788 838 1034 910 separari
1080 859 1191 891 non
1232 859 1401 910 posse.
1471 843 1564 895 Ad
1615 861 1706 893 ra..

85 937 190 969 mos
233 916 471 969 arhorum
503 912 729 982 dejectos
761 929 808 965 v.
852 930 896 964 c.
928 911 1196 977 Acerinos,
1236 923 1492 968 autumno.
1523 917 1600 980 (v.
1618 915 1706 981 v.)

84 1003 136 1056 4.
225 1006 297 1054 D.
355 1007 661 1061 Οαείαηεαε,
724 996 880 1049 fibris
933 995 1245 1065 caespitosis
1291 988 1710 1070 'erumpentibus

229 1071 675 1143 subsimplicibus
711 1068 906 1137 rigidis
936 1067 1204 1119 intricatis
1249 1068 1409 1134 atris,
1453 1069 1715 1142 sporidiis

228 1143 466 1214 globosis
504 1139 964 1194 subconcatenatis
1012 1139 1397 1194 concoloribus.

146 1234 309 1275 Demat.
344 1231 590 1274 Castaneae.
656 1228 859 1269 Schwein.
897 1231 994 1270 Car.
1038 1242 1085 1279 p.
1128 1229 1225 1271 102.
1265 1242 1287 1266 e
1310 1228 1444 1271 deser.
1488 1230 1714 1270 (transmu-

198 1291 380 1345 tatione,
410 1299 456 1328 ut
483 1290 676 1344 videtur,
707 1290 788 1328 sub
818 1289 898 1328 hoo
928 1286 1094 1327 nomine
1118 1287 1259 1336 accepi
1293 1288 1354 1329 D.
1390 1287 1645 1339 Crucigerae
1674 1296 1717 1328 et

194 1360 315 1388 versa
344 1360 453 1388 vice.

229 1418 549 1471 Admodum
595 1414 918 1488 spectabile,
964 1413 1154 1465 habitu
1191 1413 1712 1486 Helminthosporii,

88 1490 180 1542 sed
211 1490 381 1541 fibrae
419 1500 605 1541 exacte
643 1487 803 1554 hujus
828 1486 1060 1553 generis,
1099 1485 1330 1555 spon-idia
1364 1487 1429 1537 ad
1457 1485 1711 1557 Cladosp.

88 1561 361 1614 accedunt.
440 1560 641 1612 Fibrae
683 1559 899 1627 longae,
940 1558 1213 1625 aequales,
1259 1558 1370 1609 basi
1409 1557 1551 1609 haud
1595 1559 1712 1609 bul-

88 1632 343 1696 billosae,
379 1629 778 1702 subsimplices‚
818 1627 1130 1687 intricatae,
1182 1628 1511 1694 „nitentes“
1556 1630 1594 1681 l.
1638 1649 1709 1695 c.;

77 1707 284 1775 'opacae
314 1703 413 1756 sub
453 1703 610 1756 micr.
650 1713 701 1754 et
727 1699 1028 1754 continuae.
1103 1697 1387 1770 Stipantur
1415 1699 1474 1752 in
1506 1701 1714 1773 caespi-

88 1787 167 1828 tes
207 1775 496 1844 oblongos,
545 1771 903 1827 transversim
948 1791 1046 1843 per
1087 1772 1478 1843 epidermidem
1529 1793 1714 1826 erum-

89 1860 292 1920 pentes,
366 1845 623 1919 Sporidia
649 1845 709 1896 in
740 1843 896 1896 siccis
931 1862 1122 1915 parca,
1164 1843 1327 1896 etiam
1371 1856 1430 1896 ut
1475 1843 1529 1896 in
1566 1850 1715 1900 Dem.

94 1918 408 1986 Coelosporio
439 1918 706 1988 inspersa.
780 1916 873 1968 Ad
898 1933 1093 1981 ramos,
1152 1921 1434 1968 castaneae
1464 1917 1520 1966 in
1555 1922 1716 1970 Ame-

91 1991 205 2043 rica
247 1989 456 2043 boreali.
498 1992 572 2053 (v.
605 1990 673 2059 s.)

91 2075 141 2131 5.
236 2080 306 2128 D.
355 2093 611 2142 sparsum,
663 2073 816 2126 fibris
855 2071 1053 2143 sparsis
1100 2072 1232 2126 raris
1270 2073 1535 2127 subulatis
1580 2074 1715 2126 sim-

233 2144 549 2217 plicissimis
584 2144 792 2214 nigris,
826 2144 1083 2217 sporidiis
1114 2144 1550 2217 pellucidis‘hinc
1585 2145 1716 2199 inde

234 2215 673 2288 conglomeratis·
1159 2230 1162 2234 ’

232 2301 313 2355 Ne
356 2302 492 2354 desit
522 2302 801 2372 singulare
831 2299 1046 2371 generis
1068 2300 1408 2366 Membrum‚
1446 2302 1716 2370 insignem

91 2374 228 2427 hanc
262 2374 525 2446 speciem,
563 2374 690 2426 licet
711 2391 939 2439 novam,
980 2373 1134 2427 addo,
1211 2373 1413 2427 Fibrae
1455 2377 1718 2448 (stipitem

17 2471 21 2475 ¹
90 2446 420 2519 Sporocybes
449 2446 720 2515 referunt)
751 2444 897 2497 nudo
944 2445 1094 2497 oculo
1134 2465 1295 2516 aegre
1334 2448 1716 2509 observantur,

92 2536 124 2569 a
159 2516 278 2570 basi
312 2517 378 2569 ad
416 2517 620 2589 apicem
661 2515 958 2586 aequaliter
993 2528 1321 2577 attenuatae,
1360 2518 1582 2589 nigrae,
1619 2520 1718 2573 ad-

91 2587 214 2641 fusa
246 2607 379 2642 vero
422 2608 557 2659 aqua
598 2587 1118 2659 fusco-pellucidae.
1196 2588 1452 2661 Sporidia
1472 2592 1715 2661 globosa,

93 2659 317 2714 omnino
353 2661 652 2731 pellucida,
704 2660 875 2712 densis
905 2660 1077 2729 sporis
1111 2659 1241 2712 hinc
1280 2662 1407 2714 inde
1444 2663 1715 2735 adspersa.

91 2733 195 2784 Ad
226 2732 396 2785 caules
427 2733 612 2793 siccos,
649 2733 756 2784 vidi
782 2732 835 2781 in
869 2736 1152 2798 Tropaeolo
1181 2746 1278 2788 etc.
1325 2740 1400 2798 (v.
1440 2736 1545 2805 τὴ),

93 2832 144 2896 (i.
233 2835 304 2884 D.
356 2831 693 2914 Zzispidulum,
751 2830 907 2883 fibris
975 2830 1304 2900 fasciculatis
1371 2831 1714 2905 simplicibus

233 2903 410 2971 nigris
423 2940 438 2964 ,
493 2903 751 2973 sporidiis
809 2902 1049 2973 globosis
1092 2902 1466 2958 concoloribus
1511 2905 1716 2978 opaciS,

235 2992 426 3027 versus
462 2974 619 3028 basin
660 2975 1084 3045 conglomeratis.
