<?xml version="1.0" encoding="UTF-8"?>
<!DOCTYPE html PUBLIC "-//W3C//DTD XHTML 1.0 Transitional//EN"
    "http://www.w3.org/TR/xhtml1/DTD/xhtml1-transitional.dtd">
<html xmlns="http://www.w3.org/1999/xhtml" xml:lang="en" lang="en">
 <head>
  <title>
</title>
<meta http-equiv="Content-Type" content="text/html;charset=utf-8" />
  <meta name='ocr-system' content='tesseract 3.04.00' />
  <meta name='ocr-capabilities' content='ocr_page ocr_carea ocr_par ocr_line ocrx_word'/>
</head>
<body>
  <div class='ocr_page' id='page_1' title='image "./systemamycologic03frie/systemamycologic03frie_0520.png"; bbox 0 0 1887 3255; ppageno 0'>
   <div class='ocr_carea' id='block_1_1' title="bbox 176 148 1139 205">
    <p class='ocr_par' dir='ltr' id='par_1_1' title="bbox 176 148 1139 205">
     <span class='ocr_line' id='line_1_1' title="bbox 176 148 1139 205; baseline -0.01 9"><span class='ocrx_word' id='word_1_1' title='bbox 176 149 285 205; x_wconf 83' lang='lat'>51⁰</span> <span class='ocrx_word' id='word_1_2' title='bbox 829 148 1139 205; x_wconf 83' lang='lat' dir='ltr'><strong>EPlTEA.</strong></span> 
     </span>
    </p>
   </div>
   <div class='ocr_carea' id='block_1_2' title="bbox 176 285 1782 489">
    <p class='ocr_par' dir='ltr' id='par_1_2' title="bbox 176 285 1782 489">
     <span class='ocr_line' id='line_1_2' title="bbox 176 285 1782 362; baseline 0.003 -20"><span class='ocrx_word' id='word_1_3' title='bbox 176 289 527 344; x_wconf 85' lang='lat' dir='ltr'>arbitrarium</span> <span class='ocrx_word' id='word_1_4' title='bbox 578 305 788 358; x_wconf 83' lang='lat' dir='ltr'><strong>semper</strong></span> <span class='ocrx_word' id='word_1_5' title='bbox 846 285 963 339; x_wconf 85' lang='lat' dir='ltr'>fore</span> <span class='ocrx_word' id='word_1_6' title='bbox 1003 288 1142 340; x_wconf 84' lang='lat' dir='ltr'>mihi</span> <span class='ocrx_word' id='word_1_7' title='bbox 1193 289 1436 344; x_wconf 66' lang='lat' dir='ltr'>videtur.⁴</span> <span class='ocrx_word' id='word_1_8' title='bbox 1496 290 1782 362; x_wconf 85' lang='lat' dir='ltr'>Singulam</span> 
     </span>
     <span class='ocr_line' id='line_1_3' title="bbox 177 357 1782 436; baseline 0.003 -24"><span class='ocrx_word' id='word_1_9' title='bbox 177 363 411 432; x_wconf 87' lang='lat' dir='ltr'>speciem</span> <span class='ocrx_word' id='word_1_10' title='bbox 448 382 520 414; x_wconf 87' lang='lat' dir='ltr'>ex</span> <span class='ocrx_word' id='word_1_11' title='bbox 554 374 727 413; x_wconf 85' lang='lat' dir='ltr'>matre</span> <span class='ocrx_word' id='word_1_12' title='bbox 765 357 1072 414; x_wconf 75' lang='lat' dir='ltr'>denomino.</span> <span class='ocrx_word' id='word_1_13' title='bbox 1138 358 1382 415; x_wconf 86' lang='lat' dir='ltr'>Seorsim</span> <span class='ocrx_word' id='word_1_14' title='bbox 1424 374 1613 415; x_wconf 85' lang='lat' dir='ltr'>notare</span> <span class='ocrx_word' id='word_1_15' title='bbox 1654 384 1782 436; x_wconf 86' lang='lat' dir='ltr'>pos-</span> 
     </span>
     <span class='ocr_line' id='line_1_4' title="bbox 176 452 389 489; baseline 0.023 -5"><span class='ocrx_word' id='word_1_16' title='bbox 176 452 389 489; x_wconf 76' lang='lat' dir='ltr'>sumust</span> 
     </span>
    </p>
   </div>
   <div class='ocr_carea' id='block_1_3' title="bbox 245 514 1779 800">
    <p class='ocr_par' dir='ltr' id='par_1_3' title="bbox 245 514 1779 800">
     <span class='ocr_line' id='line_1_5' title="bbox 245 514 1778 585; baseline 0.001 -15"><span class='ocrx_word' id='word_1_17' title='bbox 245 536 291 576; x_wconf 87' lang='lat' dir='ltr'>a.</span> <span class='ocrx_word' id='word_1_18' title='bbox 331 517 586 571; x_wconf 82' lang='lat' dir='ltr'>Foliorum</span> <span class='ocrx_word' id='word_1_19' title='bbox 619 514 946 582; x_wconf 79' lang='lat' dir='ltr'><strong><em>perennium,</em></strong></span> <span class='ocrx_word' id='word_1_20' title='bbox 980 515 1181 567; x_wconf 79' lang='lat' dir='ltr'><strong>eximie</strong></span> <span class='ocrx_word' id='word_1_21' title='bbox 1219 516 1479 584; x_wconf 83' lang='lat' dir='ltr'>evolutas,</span> <span class='ocrx_word' id='word_1_22' title='bbox 1523 519 1778 585; x_wconf 86' lang='lat' dir='ltr'>elevatas,</span> 
     </span>
     <span class='ocr_line' id='line_1_6' title="bbox 316 586 1779 660; baseline 0.001 -18"><span class='ocrx_word' id='word_1_23' title='bbox 316 601 572 642; x_wconf 79' lang='lat' dir='ltr'><strong>stromate</strong></span> <span class='ocrx_word' id='word_1_24' title='bbox 599 586 783 657; x_wconf 85' lang='lat' dir='ltr'>spurio</span> <span class='ocrx_word' id='word_1_25' title='bbox 823 605 849 636; x_wconf 90' lang='lat' dir='ltr'>a</span> <span class='ocrx_word' id='word_1_26' title='bbox 886 587 1163 656; x_wconf 83' lang='lat' dir='ltr'>pedicellis</span> <span class='ocrx_word' id='word_1_27' title='bbox 1207 587 1501 660; x_wconf 83' lang='lat' dir='ltr'>conjunctis</span> <span class='ocrx_word' id='word_1_28' title='bbox 1539 592 1779 642; x_wconf 83' lang='lat' dir='ltr'>offeren-</span> 
     </span>
     <span class='ocr_line' id='line_1_7' title="bbox 314 658 1778 728; baseline 0.001 -16"><span class='ocrx_word' id='word_1_29' title='bbox 314 674 419 722; x_wconf 84' lang='lat' dir='ltr'>tes,</span> <span class='ocrx_word' id='word_1_30' title='bbox 457 678 590 728; x_wconf 89' lang='lat' dir='ltr'>quae</span> <span class='ocrx_word' id='word_1_31' title='bbox 630 658 694 708; x_wconf 86' lang='lat' dir='ltr'>ad</span> <span class='ocrx_word' id='word_1_32' title='bbox 739 658 1107 728; x_wconf 77' lang='lat' dir='ltr'>praecedentia</span> <span class='ocrx_word' id='word_1_33' title='bbox 1129 678 1326 728; x_wconf 81' lang='lat' dir='ltr'>genera</span> <span class='ocrx_word' id='word_1_34' title='bbox 1365 663 1616 714; x_wconf 86' lang='lat' dir='ltr'>accedunt</span> <span class='ocrx_word' id='word_1_35' title='bbox 1650 682 1701 719; x_wconf 81' lang='lat' dir='ltr'>v.</span> <span class='ocrx_word' id='word_1_36' title='bbox 1731 682 1778 717; x_wconf 90' lang='lat' dir='ltr'>c.</span> 
     </span>
     <span class='ocr_line' id='line_1_8' title="bbox 316 730 1474 800; baseline -0.004 -17"><span class='ocrx_word' id='word_1_37' title='bbox 316 735 468 784; x_wconf 84' lang='lat' dir='ltr'>Pucc.</span> <span class='ocrx_word' id='word_1_38' title='bbox 511 730 665 784; x_wconf 69' lang='lat' dir='ltr'>Buxi</span> <span class='ocrx_word' id='word_1_39' title='bbox 707 741 756 779; x_wconf 90' lang='lat' dir='ltr'>et</span> <span class='ocrx_word' id='word_1_40' title='bbox 788 748 925 799; x_wconf 84' lang='lat' dir='ltr'>spec.</span> <span class='ocrx_word' id='word_1_41' title='bbox 959 742 1091 800; x_wconf 86' lang='lat' dir='ltr'>trop.</span> <span class='ocrx_word' id='word_1_42' title='bbox 1471 754 1474 755; x_wconf 38' lang='lat'><em>⁷</em></span> 
     </span>
    </p>
   </div>
   <div class='ocr_carea' id='block_1_4' title="bbox 240 815 1782 1026">
    <p class='ocr_par' dir='ltr' id='par_1_4' title="bbox 240 815 1782 1026">
     <span class='ocr_line' id='line_1_9' title="bbox 240 815 1781 882; baseline 0.001 -14"><span class='ocrx_word' id='word_1_43' title='bbox 240 817 292 873; x_wconf 82' lang='lat' dir='ltr'>b.</span> <span class='ocrx_word' id='word_1_44' title='bbox 335 815 561 869; x_wconf 80' lang='lat' dir='ltr'>Caulium</span> <span class='ocrx_word' id='word_1_45' title='bbox 594 816 915 882; x_wconf 75' lang='lat' dir='ltr'>plantarum,</span> <span class='ocrx_word' id='word_1_46' title='bbox 954 833 1087 881; x_wconf 89' lang='lat' dir='ltr'>quae</span> <span class='ocrx_word' id='word_1_47' title='bbox 1117 833 1172 866; x_wconf 88' lang='lat' dir='ltr'>V.</span> <span class='ocrx_word' id='word_1_48' title='bbox 1214 834 1255 866; x_wconf 91' lang='lat' dir='ltr'>c.</span> <span class='ocrx_word' id='word_1_49' title='bbox 1305 817 1552 869; x_wconf 81' lang='lat' dir='ltr'>Puccinia</span> <span class='ocrx_word' id='word_1_50' title='bbox 1587 818 1781 869; x_wconf 73' lang='lat' dir='ltr'>bullam</span> 
     </span>
     <span class='ocr_line' id='line_1_10' title="bbox 310 885 1782 956; baseline 0.003 -17"><span class='ocrx_word' id='word_1_51' title='bbox 310 887 370 939; x_wconf 88' lang='lat' dir='ltr'>in</span> <span class='ocrx_word' id='word_1_52' title='bbox 412 885 693 939; x_wconf 77' lang='lat' dir='ltr'>exsiccatis</span> <span class='ocrx_word' id='word_1_53' title='bbox 735 885 1078 955; x_wconf 83' lang='lat' dir='ltr'>persistentes</span> <span class='ocrx_word' id='word_1_54' title='bbox 1119 885 1279 936; x_wconf 80' lang='lat' dir='ltr'>etiam</span> <span class='ocrx_word' id='word_1_55' title='bbox 1320 888 1633 956; x_wconf 80' lang='lat' dir='ltr'>spectabiles</span> <span class='ocrx_word' id='word_1_56' title='bbox 1651 901 1782 943; x_wconf 72' lang='lat' dir='ltr'>&#39;&#39;eva-</span> 
     </span>
     <span class='ocr_line' id='line_1_11' title="bbox 312 957 1469 1026; baseline -0.002 -14"><span class='ocrx_word' id='word_1_57' title='bbox 312 961 462 1013; x_wconf 83' lang='lat' dir='ltr'>dunt.</span> <span class='ocrx_word' id='word_1_58' title='bbox 527 961 591 1009; x_wconf 89' lang='lat' dir='ltr'>In</span> <span class='ocrx_word' id='word_1_59' title='bbox 628 957 809 1023; x_wconf 74' lang='lat' dir='ltr'>Scirpo</span> <span class='ocrx_word' id='word_1_60' title='bbox 846 975 977 1008; x_wconf 87' lang='lat' dir='ltr'>vero</span> <span class='ocrx_word' id='word_1_61' title='bbox 1013 975 1204 1026; x_wconf 86' lang='lat' dir='ltr'>parum</span> <span class='ocrx_word' id='word_1_62' title='bbox 1241 961 1469 1015; x_wconf 82' lang='lat' dir='ltr'>evoluta.</span> 
     </span>
    </p>
   </div>
   <div class='ocr_carea' id='block_1_5' title="bbox 168 1041 1837 1978">
    <p class='ocr_par' dir='ltr' id='par_1_5' title="bbox 245 1041 1777 1242">
     <span class='ocr_line' id='line_1_12' title="bbox 245 1041 1777 1114; baseline -0.004 -13"><span class='ocrx_word' id='word_1_63' title='bbox 245 1067 288 1101; x_wconf 88' lang='lat' dir='ltr'>c.</span> <span class='ocrx_word' id='word_1_64' title='bbox 332 1045 620 1114; x_wconf 81' lang='lat' dir='ltr'>Reliquam</span> <span class='ocrx_word' id='word_1_65' title='bbox 666 1041 882 1092; x_wconf 85' lang='lat' dir='ltr'>turbam</span> <span class='ocrx_word' id='word_1_66' title='bbox 925 1041 1170 1107; x_wconf 73' lang='lat' dir='ltr'>foliorum</span> <span class='ocrx_word' id='word_1_67' title='bbox 1223 1061 1502 1095; x_wconf 74' lang='lat' dir='ltr'>annuorum</span> <span class='ocrx_word' id='word_1_68' title='bbox 1561 1043 1777 1095; x_wconf 82' lang='lat' dir='ltr'>infinita</span> 
     </span>
     <span class='ocr_line' id='line_1_13' title="bbox 310 1111 1777 1185; baseline -0.003 -15"><span class='ocrx_word' id='word_1_69' title='bbox 310 1116 696 1170; x_wconf 85' lang='lat' dir='ltr'>formationum</span> <span class='ocrx_word' id='word_1_70' title='bbox 722 1131 900 1182; x_wconf 63' lang='lat' dir='ltr'>grege.</span> <span class='ocrx_word' id='word_1_71' title='bbox 973 1111 1187 1163; x_wconf 85' lang='lat' dir='ltr'>Harum</span> <span class='ocrx_word' id='word_1_72' title='bbox 1218 1113 1323 1164; x_wconf 84' lang='lat' dir='ltr'>duo</span> <span class='ocrx_word' id='word_1_73' title='bbox 1351 1115 1650 1185; x_wconf 81' lang='lat' dir='ltr'>singulares</span> <span class='ocrx_word' id='word_1_74' title='bbox 1677 1134 1777 1166; x_wconf 88' lang='lat' dir='ltr'>no-</span> 
     </span>
     <span class='ocr_line' id='line_1_14' title="bbox 315 1183 935 1242; baseline -0.013 0"><span class='ocrx_word' id='word_1_75' title='bbox 315 1190 509 1242; x_wconf 83' lang='lat' dir='ltr'>tandae</span> <span class='ocrx_word' id='word_1_76' title='bbox 545 1183 935 1238; x_wconf 64' lang='lat' dir='ltr'>aber-rationes:</span> 
     </span>
    </p>

    <p class='ocr_par' dir='ltr' id='par_1_6' title="bbox 173 1253 1837 1752">
     <span class='ocr_line' id='line_1_15' title="bbox 173 1253 1837 1329; baseline -0.013 -3"><span class='ocrx_word' id='word_1_77' title='bbox 173 1264 209 1298; x_wconf 63' lang='lat'>&#39;⁹⁵</span> <span class='ocrx_word' id='word_1_78' title='bbox 326 1260 749 1329; x_wconf 64' lang='lat' dir='ltr'>Triplnwgnn&#39;rmz</span> <span class='ocrx_word' id='word_1_79' title='bbox 797 1253 904 1307; x_wconf 83' lang='lat' dir='ltr'>Lk.</span> <span class='ocrx_word' id='word_1_80' title='bbox 955 1266 1102 1326; x_wconf 85' lang='lat' dir='ltr'>septo</span> <span class='ocrx_word' id='word_1_81' title='bbox 1158 1255 1427 1326; x_wconf 79' lang='lat' dir='ltr'>superiori</span> <span class='ocrx_word' id='word_1_82' title='bbox 1471 1255 1775 1317; x_wconf 82' lang='lat' dir='ltr'>biloculari,</span> <span class='ocrx_word' id='word_1_83' title='bbox 1828 1288 1837 1294; x_wconf 59' lang='lat'><em>„</em></span> 
     </span>
     <span class='ocr_line' id='line_1_16' title="bbox 313 1327 1776 1398; baseline -0.012 -13"><span class='ocrx_word' id='word_1_84' title='bbox 313 1346 551 1385; x_wconf 82' lang='lat' dir='ltr'>ceterum</span> <span class='ocrx_word' id='word_1_85' title='bbox 580 1328 718 1396; x_wconf 56' lang='lat' dir='ltr'>hauc]</span> <span class='ocrx_word' id='word_1_86' title='bbox 745 1327 1038 1379; x_wconf 81' lang='lat' dir='ltr'>diversum.</span> <span class='ocrx_word' id='word_1_87' title='bbox 1115 1329 1174 1378; x_wconf 94' lang='lat' dir='ltr'>In</span> <span class='ocrx_word' id='word_1_88' title='bbox 1209 1327 1615 1398; x_wconf 79' lang='lat' dir='ltr'>perfectioribus</span> <span class='ocrx_word' id='word_1_89' title='bbox 1648 1328 1776 1378; x_wconf 78' lang='lat' dir='ltr'>fun..</span> 
     </span>
     <span class='ocr_line' id='line_1_17' title="bbox 313 1397 1778 1476; baseline -0.011 -13"><span class='ocrx_word' id='word_1_90' title='bbox 313 1407 411 1476; x_wconf 74' lang='lat' dir='ltr'>gis,</span> <span class='ocrx_word' id='word_1_91' title='bbox 434 1425 485 1457; x_wconf 79' lang='lat' dir='ltr'>V·</span> <span class='ocrx_word' id='word_1_92' title='bbox 511 1423 554 1454; x_wconf 81' lang='lat' dir='ltr'>c.</span> <span class='ocrx_word' id='word_1_93' title='bbox 575 1398 947 1465; x_wconf 59' lang='lat' dir='ltr'>Dffacrosporim</span> <span class='ocrx_word' id='word_1_94' title='bbox 983 1397 1127 1448; x_wconf 88' lang='lat' dir='ltr'>hunc</span> <span class='ocrx_word' id='word_1_95' title='bbox 1148 1398 1512 1451; x_wconf 77' lang='lat' dir='ltr'>characterem</span> <span class='ocrx_word' id='word_1_96' title='bbox 1532 1399 1778 1450; x_wconf 87' lang='lat' dir='ltr'>acciden-</span> 
     </span>
     <span class='ocr_line' id='line_1_18' title="bbox 310 1469 1777 1548; baseline -0.012 -19"><span class='ocrx_word' id='word_1_97' title='bbox 310 1479 471 1548; x_wconf 46' lang='lat' dir='ltr'>{alem</span> <span class='ocrx_word' id='word_1_98' title='bbox 500 1471 691 1525; x_wconf 84' lang='lat' dir='ltr'>inveni</span> <span class='ocrx_word' id='word_1_99' title='bbox 721 1501 786 1508; x_wconf 92' lang='lat'><em>-</em></span> <span class='ocrx_word' id='word_1_100' title='bbox 827 1481 877 1519; x_wconf 81' lang='lat' dir='ltr'>et</span> <span class='ocrx_word' id='word_1_101' title='bbox 925 1481 1041 1520; x_wconf 86' lang='lat' dir='ltr'>tum</span> <span class='ocrx_word' id='word_1_102' title='bbox 1086 1470 1301 1520; x_wconf 84' lang='lat' dir='ltr'>demum</span> <span class='ocrx_word' id='word_1_103' title='bbox 1349 1489 1543 1538; x_wconf 81' lang='lat' dir='ltr'>genere</span> <span class='ocrx_word' id='word_1_104' title='bbox 1587 1469 1777 1521; x_wconf 76' lang='lat' dir='ltr'>distin-</span> 
     </span>
     <span class='ocr_line' id='line_1_19' title="bbox 310 1539 1778 1619; baseline -0.009 -18"><span class='ocrx_word' id='word_1_105' title='bbox 310 1566 532 1619; x_wconf 75' lang='lat' dir='ltr'>guel-em</span> <span class='ocrx_word' id='word_1_106' title='bbox 572 1563 599 1593; x_wconf 90' lang='lat' dir='ltr'>a</span> <span class='ocrx_word' id='word_1_107' title='bbox 625 1539 925 1600; x_wconf 79' lang='lat' dir='ltr'>Pucciniis,</span> <span class='ocrx_word' id='word_1_108' title='bbox 961 1560 1120 1608; x_wconf 80' lang='lat' dir='ltr'>quum</span> <span class='ocrx_word' id='word_1_109' title='bbox 1142 1541 1473 1593; x_wconf 83' lang='lat' dir='ltr'>invenissem</span> <span class='ocrx_word' id='word_1_110' title='bbox 1495 1542 1778 1610; x_wconf 80' lang='lat' dir='ltr'>analogam</span> 
     </span>
     <span class='ocr_line' id='line_1_20' title="bbox 309 1611 1772 1683; baseline -0.007 -11"><span class='ocrx_word' id='word_1_111' title='bbox 309 1616 700 1672; x_wconf 78' lang='lat' dir='ltr'>formationum</span> <span class='ocrx_word' id='word_1_112' title='bbox 734 1611 930 1662; x_wconf 86' lang='lat' dir='ltr'>seriem</span> <span class='ocrx_word' id='word_1_113' title='bbox 962 1612 1021 1662; x_wconf 82' lang='lat' dir='ltr'>in</span> <span class='ocrx_word' id='word_1_114' title='bbox 1053 1612 1253 1663; x_wconf 85' lang='lat' dir='ltr'>eisdem</span> <span class='ocrx_word' id='word_1_115' title='bbox 1287 1612 1500 1683; x_wconf 79' lang='lat' dir='ltr'>plantis.</span> <span class='ocrx_word' id='word_1_116' title='bbox 1542 1612 1613 1665; x_wconf 89' lang='lat' dir='ltr'>H.</span> <span class='ocrx_word' id='word_1_117' title='bbox 1646 1613 1684 1666; x_wconf 88' lang='lat' dir='ltr'>l.</span> <span class='ocrx_word' id='word_1_118' title='bbox 1706 1611 1772 1666; x_wconf 87' lang='lat' dir='ltr'>P.</span> 
     </span>
     <span class='ocr_line' id='line_1_21' title="bbox 315 1682 1611 1752; baseline -0.022 -6"><span class='ocrx_word' id='word_1_119' title='bbox 315 1689 603 1751; x_wconf 79' lang='lat' dir='ltr'>Ulmariae‚</span> <span class='ocrx_word' id='word_1_120' title='bbox 653 1682 870 1752; x_wconf 65' lang='lat' dir='ltr'>Isopyri.</span> <span class='ocrx_word' id='word_1_121' title='bbox 1606 1685 1611 1689; x_wconf 45' lang='lat'><em>*</em></span> 
     </span>
    </p>

    <p class='ocr_par' dir='ltr' id='par_1_7' title="bbox 168 1751 1772 1978">
     <span class='ocr_line' id='line_1_22' title="bbox 168 1751 1772 1829; baseline -0.011 -12"><span class='ocrx_word' id='word_1_122' title='bbox 168 1767 235 1803; x_wconf 40' lang='grc' dir='ltr'>ᾗ*</span> <span class='ocrx_word' id='word_1_123' title='bbox 309 1770 464 1829; x_wconf 82' lang='lat' dir='ltr'>Seplo</span> <span class='ocrx_word' id='word_1_124' title='bbox 496 1756 747 1824; x_wconf 74' lang='lat' dir='ltr'>superiori</span> <span class='ocrx_word' id='word_1_125' title='bbox 788 1751 1083 1821; x_wconf 71' lang='lat' dir='ltr'>dtficieme,</span> <span class='ocrx_word' id='word_1_126' title='bbox 1126 1772 1261 1821; x_wconf 90' lang='lat' dir='ltr'>quae</span> <span class='ocrx_word' id='word_1_127' title='bbox 1303 1773 1520 1822; x_wconf 85' lang='lat' dir='ltr'>prorsus</span> <span class='ocrx_word' id='word_1_128' title='bbox 1559 1753 1772 1804; x_wconf 75' lang='lat' dir='ltr'>obviam</span> 
     </span>
     <span class='ocr_line' id='line_1_23' title="bbox 310 1824 1772 1894; baseline -0.011 -9"><span class='ocrx_word' id='word_1_129' title='bbox 310 1833 539 1884; x_wconf 85' lang='lat' dir='ltr'>veniunt</span> <span class='ocrx_word' id='word_1_130' title='bbox 604 1825 937 1879; x_wconf 72' lang='lat' dir='ltr'>Uredinibus</span> <span class='ocrx_word' id='word_1_131' title='bbox 1002 1824 1456 1894; x_wconf 80' lang='lat' dir='ltr'>appendiculatis‚</span> <span class='ocrx_word' id='word_1_132' title='bbox 1533 1837 1772 1876; x_wconf 83' lang='lat' dir='ltr'>ceterum</span> 
     </span>
     <span class='ocr_line' id='line_1_24' title="bbox 310 1895 1379 1978; baseline -0.009 -19"><span class='ocrx_word' id='word_1_133' title='bbox 310 1900 564 1978; x_wconf 82' lang='lat' dir='ltr'>sporidiis</span> <span class='ocrx_word' id='word_1_134' title='bbox 600 1896 791 1951; x_wconf 87' lang='lat' dir='ltr'>liberis</span> <span class='ocrx_word' id='word_1_135' title='bbox 829 1907 881 1947; x_wconf 88' lang='lat' dir='ltr'>et</span> <span class='ocrx_word' id='word_1_136' title='bbox 918 1895 1100 1947; x_wconf 84' lang='lat' dir='ltr'>effusis</span> <span class='ocrx_word' id='word_1_137' title='bbox 1139 1895 1379 1950; x_wconf 77' lang='lat' dir='ltr'>diversis,</span> 
     </span>
    </p>
   </div>
   <div class='ocr_carea' id='block_1_6' title="bbox 311 2228 1765 2416">
    <p class='ocr_par' dir='ltr' id='par_1_8' title="bbox 311 2228 1765 2416">
     <span class='ocr_line' id='line_1_25' title="bbox 562 2228 1374 2291; baseline -0.011 1"><span class='ocrx_word' id='word_1_138' title='bbox 562 2233 752 2291; x_wconf 80' lang='lat' dir='ltr'><strong>XXV.</strong></span> <span class='ocrx_word' id='word_1_139' title='bbox 820 2229 1132 2286; x_wconf 80' lang='lat' dir='ltr'><strong>EPITEA.</strong></span> <span class='ocrx_word' id='word_1_140' title='bbox 1198 2228 1374 2283; x_wconf 72' lang='lat' dir='ltr'>Fries-</span> 
     </span>
     <span class='ocr_line' id='line_1_26' title="bbox 311 2340 1765 2416; baseline -0.016 -2"><span class='ocrx_word' id='word_1_141' title='bbox 311 2353 541 2413; x_wconf 83' lang='lat' dir='ltr'><strong>CHAR.</strong></span> <span class='ocrx_word' id='word_1_142' title='bbox 598 2344 1016 2416; x_wconf 78' lang='lat' dir='ltr'>Pseudoperidia</span> <span class='ocrx_word' id='word_1_143' title='bbox 1079 2343 1160 2394; x_wconf 66' lang='lat' dir='ltr'>abx</span> <span class='ocrx_word' id='word_1_144' title='bbox 1194 2340 1524 2413; x_wconf 80' lang='lat' dir='ltr'>epidermide</span> <span class='ocrx_word' id='word_1_145' title='bbox 1574 2341 1765 2393; x_wconf 85' lang='lat' dir='ltr'>matris</span> 
     </span>
    </p>
   </div>
   <div class='ocr_carea' id='block_1_7' title="bbox 167 2413 1765 2507">
    <p class='ocr_par' dir='ltr' id='par_1_9' title="bbox 167 2413 1765 2507">
     <span class='ocr_line' id='line_1_27' title="bbox 167 2413 1765 2507; baseline -0.013 -23"><span class='ocrx_word' id='word_1_146' title='bbox 167 2445 323 2507; x_wconf 79' lang='lat' dir='ltr'>rupta</span> <span class='ocrx_word' id='word_1_147' title='bbox 361 2431 617 2485; x_wconf 83' lang='lat' dir='ltr'>formata,</span> <span class='ocrx_word' id='word_1_148' title='bbox 651 2420 795 2471; x_wconf 80' lang='lat' dir='ltr'>intus</span> <span class='ocrx_word' id='word_1_149' title='bbox 828 2415 1062 2467; x_wconf 75' lang='lat' dir='ltr'>foventia</span> <span class='ocrx_word' id='word_1_150' title='bbox 1103 2426 1337 2492; x_wconf 81' lang='lat' dir='ltr'>stroma,</span> <span class='ocrx_word' id='word_1_151' title='bbox 1376 2432 1404 2464; x_wconf 88' lang='lat' dir='ltr'>a</span> <span class='ocrx_word' id='word_1_152' title='bbox 1446 2431 1549 2481; x_wconf 87' lang='lat' dir='ltr'>quo</span> <span class='ocrx_word' id='word_1_153' title='bbox 1587 2413 1765 2483; x_wconf 85' lang='lat' dir='ltr'>spori-</span> 
     </span>
    </p>
   </div>
   <div class='ocr_carea' id='block_1_8' title="bbox 168 2487 1766 2629">
    <p class='ocr_par' dir='ltr' id='par_1_10' title="bbox 168 2487 1766 2629">
     <span class='ocr_line' id='line_1_28' title="bbox 168 2487 1056 2560; baseline -0.026 1"><span class='ocrx_word' id='word_1_154' title='bbox 168 2508 257 2560; x_wconf 85' lang='lat' dir='ltr'>dia</span> <span class='ocrx_word' id='word_1_155' title='bbox 292 2500 544 2556; x_wconf 82' lang='lat' dir='ltr'>secedunt</span> <span class='ocrx_word' id='word_1_156' title='bbox 577 2493 778 2548; x_wconf 82' lang='lat' dir='ltr'>libera,</span> <span class='ocrx_word' id='word_1_157' title='bbox 819 2487 1056 2556; x_wconf 79' lang='lat' dir='ltr'>globosa.</span> 
     </span>
     <span class='ocr_line' id='line_1_29' title="bbox 311 2552 1766 2629; baseline -0.019 -3"><span class='ocrx_word' id='word_1_158' title='bbox 311 2572 460 2626; x_wconf 88' lang='lat' dir='ltr'>Obs.</span> <span class='ocrx_word' id='word_1_159' title='bbox 500 2568 547 2618; x_wconf 87' lang='lat' dir='ltr'>l.</span> <span class='ocrx_word' id='word_1_160' title='bbox 610 2558 917 2629; x_wconf 80' lang='lat' dir='ltr'>Singularis</span> <span class='ocrx_word' id='word_1_161' title='bbox 953 2554 1233 2620; x_wconf 81' lang='lat' dir='ltr'>formatio,</span> <span class='ocrx_word' id='word_1_162' title='bbox 1267 2552 1453 2604; x_wconf 78' lang='lat' dir='ltr'>habitu</span> <span class='ocrx_word' id='word_1_163' title='bbox 1492 2566 1542 2604; x_wconf 85' lang='lat' dir='ltr'>et</span> <span class='ocrx_word' id='word_1_164' title='bbox 1576 2554 1766 2605; x_wconf 74' lang='lat' dir='ltr'>chara-</span> 
     </span>
    </p>
   </div>
   <div class='ocr_carea' id='block_1_9' title="bbox 168 2625 1772 3057">
    <p class='ocr_par' dir='ltr' id='par_1_11' title="bbox 168 2625 1772 3057">
     <span class='ocr_line' id='line_1_30' title="bbox 168 2625 1771 2713; baseline -0.017 -13"><span class='ocrx_word' id='word_1_165' title='bbox 168 2660 311 2699; x_wconf 87' lang='lat' dir='ltr'>ctere</span> <span class='ocrx_word' id='word_1_166' title='bbox 350 2663 379 2694; x_wconf 87' lang='lat' dir='ltr'>a</span> <span class='ocrx_word' id='word_1_167' title='bbox 414 2633 681 2713; x_wconf 82' lang='lat' dir='ltr'>proximis</span> <span class='ocrx_word' id='word_1_168' title='bbox 724 2633 858 2681; x_wconf 89' lang='lat' dir='ltr'>bene</span> <span class='ocrx_word' id='word_1_169' title='bbox 898 2628 1144 2679; x_wconf 80' lang='lat' dir='ltr'>distincta</span> <span class='ocrx_word' id='word_1_170' title='bbox 1171 2659 1232 2664; x_wconf 91' lang='lat'>-—</span> <span class='ocrx_word' id='word_1_171' title='bbox 1268 2637 1318 2675; x_wconf 86' lang='lat' dir='ltr'>et</span> <span class='ocrx_word' id='word_1_172' title='bbox 1353 2644 1548 2693; x_wconf 85' lang='lat' dir='ltr'>genere</span> <span class='ocrx_word' id='word_1_173' title='bbox 1572 2625 1771 2676; x_wconf 48' lang='lat' dir='ltr'>distin?</span> 
     </span>
     <span class='ocr_line' id='line_1_31' title="bbox 171 2695 1766 2788; baseline -0.014 -22"><span class='ocrx_word' id='word_1_174' title='bbox 171 2716 408 2788; x_wconf 81' lang='lat' dir='ltr'>guenda,</span> <span class='ocrx_word' id='word_1_175' title='bbox 461 2728 581 2762; x_wconf 91' lang='lat' dir='ltr'>cum</span> <span class='ocrx_word' id='word_1_176' title='bbox 632 2703 844 2754; x_wconf 81' lang='lat' dir='ltr'>eaedem</span> <span class='ocrx_word' id='word_1_177' title='bbox 903 2701 1119 2770; x_wconf 80' lang='lat' dir='ltr'>plantae</span> <span class='ocrx_word' id='word_1_178' title='bbox 1164 2696 1477 2762; x_wconf 77' lang='lat' dir='ltr'>(Rosaceae)</span> <span class='ocrx_word' id='word_1_179' title='bbox 1523 2695 1766 2747; x_wconf 85' lang='lat' dir='ltr'>diversas</span> 
     </span>
     <span class='ocr_line' id='line_1_32' title="bbox 170 2764 1767 2857; baseline -0.017 -16"><span class='ocrx_word' id='word_1_180' title='bbox 170 2805 379 2857; x_wconf 88' lang='lat' dir='ltr'>quoque</span> <span class='ocrx_word' id='word_1_181' title='bbox 418 2799 530 2833; x_wconf 82' lang='lat' dir='ltr'>tam</span> <span class='ocrx_word' id='word_1_182' title='bbox 571 2772 788 2829; x_wconf 82' lang='lat' dir='ltr'>Aecidii</span> <span class='ocrx_word' id='word_1_183' title='bbox 819 2768 980 2839; x_wconf 87' lang='lat' dir='ltr'>quam</span> <span class='ocrx_word' id='word_1_184' title='bbox 1013 2766 1272 2822; x_wconf 83' lang='lat' dir='ltr'>Uredinis</span> <span class='ocrx_word' id='word_1_185' title='bbox 1293 2766 1494 2835; x_wconf 87' lang='lat' dir='ltr'>species</span> <span class='ocrx_word' id='word_1_186' title='bbox 1530 2766 1627 2816; x_wconf 87' lang='lat' dir='ltr'>sub</span> <span class='ocrx_word' id='word_1_187' title='bbox 1661 2764 1767 2815; x_wconf 89' lang='lat' dir='ltr'>eis-</span> 
     </span>
     <span class='ocr_line' id='line_1_33' title="bbox 171 2833 1770 2911; baseline -0.016 0"><span class='ocrx_word' id='word_1_188' title='bbox 171 2861 293 2911; x_wconf 83' lang='lat' dir='ltr'>dem</span> <span class='ocrx_word' id='word_1_189' title='bbox 338 2850 640 2907; x_wconf 88' lang='lat' dir='ltr'>rationibus</span> <span class='ocrx_word' id='word_1_190' title='bbox 687 2842 976 2895; x_wconf 84' lang='lat' dir='ltr'>enitantur.</span> <span class='ocrx_word' id='word_1_191' title='bbox 1011 2873 1075 2879; x_wconf 94' lang='lat'>—</span> <span class='ocrx_word' id='word_1_192' title='bbox 1122 2837 1378 2909; x_wconf 84' lang='lat' dir='ltr'>Sporidia</span> <span class='ocrx_word' id='word_1_193' title='bbox 1414 2836 1636 2908; x_wconf 87' lang='lat' dir='ltr'>pallida.</span> <span class='ocrx_word' id='word_1_194' title='bbox 1694 2833 1770 2886; x_wconf 70' lang='lat' dir='ltr'>&#39;In</span> 
     </span>
     <span class='ocr_line' id='line_1_34' title="bbox 171 2906 1772 2996; baseline -0.016 -14"><span class='ocrx_word' id='word_1_195' title='bbox 171 2929 358 2996; x_wconf 76' lang='lat' dir='ltr'>Epitea</span> <span class='ocrx_word' id='word_1_196' title='bbox 389 2922 532 2977; x_wconf 77' lang='lat' dir='ltr'>Rubi</span> <span class='ocrx_word' id='word_1_197' title='bbox 561 2917 799 2986; x_wconf 83' lang='lat' dir='ltr'>(Caeom.</span> <span class='ocrx_word' id='word_1_198' title='bbox 838 2911 1178 2964; x_wconf 86' lang='lat' dir='ltr'>columellato</span> <span class='ocrx_word' id='word_1_199' title='bbox 1207 2908 1450 2978; x_wconf 88' lang='lat' dir='ltr'>Schum.)</span> <span class='ocrx_word' id='word_1_200' title='bbox 1486 2906 1772 2959; x_wconf 85' lang='lat' dir='ltr'>columella</span> 
     </span>
     <span class='ocr_line' id='line_1_35' title="bbox 175 2977 1417 3057; baseline -0.015 -5"><span class='ocrx_word' id='word_1_201' title='bbox 175 2997 465 3052; x_wconf 75' lang='lat' dir='ltr'>admodum</span> <span class='ocrx_word' id='word_1_202' title='bbox 496 2990 712 3046; x_wconf 75' lang='lat' dir='ltr'>evidens</span> <span class='ocrx_word' id='word_1_203' title='bbox 748 2983 1046 3056; x_wconf 82' lang='lat' dir='ltr'>cylindrica</span> <span class='ocrx_word' id='word_1_204' title='bbox 1089 2991 1350 3057; x_wconf 72' lang='lat' dir='ltr'>truncata.</span> <span class='ocrx_word' id='word_1_205' title='bbox 1412 2977 1417 2986; x_wconf 62' lang='lat'><em>&#39;</em></span> 
     </span>
    </p>
   </div>
  </div>
 </body>
</html>
