<?xml version="1.0" encoding="UTF-8"?>
<!DOCTYPE html PUBLIC "-//W3C//DTD XHTML 1.0 Transitional//EN"
    "http://www.w3.org/TR/xhtml1/DTD/xhtml1-transitional.dtd">
<html xmlns="http://www.w3.org/1999/xhtml" xml:lang="en" lang="en">
 <head>
  <title>
</title>
<meta http-equiv="Content-Type" content="text/html;charset=utf-8" />
  <meta name='ocr-system' content='tesseract 3.04.00' />
  <meta name='ocr-capabilities' content='ocr_page ocr_carea ocr_par ocr_line ocrx_word'/>
</head>
<body>
  <div class='ocr_page' id='page_1' title='image "./systemamycologic03frie/systemamycologic03frie_0506.png"; bbox 0 0 1887 3255; ppageno 0'>
   <div class='ocr_carea' id='block_1_1' title="bbox 119 302 1795 3067">
    <p class='ocr_par' dir='ltr' id='par_1_1' title="bbox 119 302 1789 805">
     <span class='ocr_line' id='line_1_1' title="bbox 119 302 1788 382; baseline 0.006 -27"><span class='ocrx_word' id='word_1_1' title='bbox 119 327 122 329; x_wconf 93' lang='lat'>·</span> <span class='ocrx_word' id='word_1_2' title='bbox 176 302 283 356; x_wconf 82' lang='lat' dir='ltr'>hoc</span> <span class='ocrx_word' id='word_1_3' title='bbox 316 321 484 373; x_wconf 86' lang='lat' dir='ltr'>genus</span> <span class='ocrx_word' id='word_1_4' title='bbox 505 324 737 373; x_wconf 84' lang='lat' dir='ltr'>sumenS‚</span> <span class='ocrx_word' id='word_1_5' title='bbox 768 309 1075 375; x_wconf 63' lang='lat' dir='ltr'>Aregmatis</span> <span class='ocrx_word' id='word_1_6' title='bbox 1098 308 1226 361; x_wconf 88' lang='lat' dir='ltr'>huic</span> <span class='ocrx_word' id='word_1_7' title='bbox 1251 328 1482 382; x_wconf 18' lang='lat' dir='ltr'>*appono</span> <span class='ocrx_word' id='word_1_8' title='bbox 1504 324 1556 365; x_wconf 90' lang='lat' dir='ltr'>et</span> <span class='ocrx_word' id='word_1_9' title='bbox 1582 315 1788 382; x_wconf 75' lang='lat' dir='ltr'>Phrag-</span> 
     </span>
     <span class='ocr_line' id='line_1_2' title="bbox 178 375 1785 453; baseline 0.007 -27"><span class='ocrx_word' id='word_1_10' title='bbox 178 375 406 433; x_wconf 76' lang='lat' dir='ltr'>midium-</span> <span class='ocrx_word' id='word_1_11' title='bbox 433 379 499 430; x_wconf 85' lang='lat' dir='ltr'>ad</span> <span class='ocrx_word' id='word_1_12' title='bbox 545 390 782 430; x_wconf 86' lang='lat' dir='ltr'><strong>mentem</strong></span> <span class='ocrx_word' id='word_1_13' title='bbox 823 378 1159 432; x_wconf 82' lang='lat' dir='ltr'>Linkianam</span> <span class='ocrx_word' id='word_1_14' title='bbox 1195 392 1254 432; x_wconf 89' lang='lat' dir='ltr'>ut</span> <span class='ocrx_word' id='word_1_15' title='bbox 1280 383 1567 453; x_wconf 80' lang='lat' dir='ltr'>subgenus</span> <span class='ocrx_word' id='word_1_16' title='bbox 1611 405 1785 438; x_wconf 77' lang='lat' dir='ltr'>servo·</span> 
     </span>
     <span class='ocr_line' id='line_1_3' title="bbox 179 445 1786 521; baseline 0.006 -23"><span class='ocrx_word' id='word_1_17' title='bbox 179 445 374 499; x_wconf 85' lang='lat' dir='ltr'>Multis</span> <span class='ocrx_word' id='word_1_18' title='bbox 412 449 598 501; x_wconf 84' lang='lat' dir='ltr'><strong>forsan</strong></span> <span class='ocrx_word' id='word_1_19' title='bbox 636 449 768 500; x_wconf 87' lang='lat' dir='ltr'>haec</span> <span class='ocrx_word' id='word_1_20' title='bbox 799 450 1095 519; x_wconf 82' lang='lat' dir='ltr'>subgenera</span> <span class='ocrx_word' id='word_1_21' title='bbox 1133 462 1281 505; x_wconf 80' lang='lat' dir='ltr'>vera</span> <span class='ocrx_word' id='word_1_22' title='bbox 1300 473 1497 521; x_wconf 84' lang='lat' dir='ltr'>genera</span> <span class='ocrx_word' id='word_1_23' title='bbox 1521 455 1786 508; x_wconf 83' lang='lat' dir='ltr'>videbun-</span> 
     </span>
     <span class='ocr_line' id='line_1_4' title="bbox 179 520 1788 593; baseline 0.006 -24"><span class='ocrx_word' id='word_1_24' title='bbox 179 530 297 584; x_wconf 73' lang='lat' dir='ltr'>tur,</span> <span class='ocrx_word' id='word_1_25' title='bbox 356 532 472 571; x_wconf 88' lang='lat' dir='ltr'>tum</span> <span class='ocrx_word' id='word_1_26' title='bbox 519 520 822 588; x_wconf 78' lang='lat' dir='ltr'>Aregmatis</span> <span class='ocrx_word' id='word_1_27' title='bbox 872 541 1072 574; x_wconf 89' lang='lat' dir='ltr'>nomen</span> <span class='ocrx_word' id='word_1_28' title='bbox 1118 523 1182 574; x_wconf 89' lang='lat' dir='ltr'>ad</span> <span class='ocrx_word' id='word_1_29' title='bbox 1227 523 1458 593; x_wconf 82' lang='lat' dir='ltr'>primam</span> <span class='ocrx_word' id='word_1_30' title='bbox 1502 527 1788 579; x_wconf 80' lang='lat' dir='ltr'>sectionem</span> 
     </span>
     <span class='ocr_line' id='line_1_5' title="bbox 179 590 1787 666; baseline 0.006 -26"><span class='ocrx_word' id='word_1_31' title='bbox 179 590 500 654; x_wconf 81' lang='lat' dir='ltr'>translatum</span> <span class='ocrx_word' id='word_1_32' title='bbox 549 603 600 641; x_wconf 88' lang='lat' dir='ltr'>et</span> <span class='ocrx_word' id='word_1_33' title='bbox 648 590 1068 660; x_wconf 79' lang='lat' dir='ltr'>Phragmidium</span> <span class='ocrx_word' id='word_1_34' title='bbox 1112 594 1392 648; x_wconf 81' lang='lat' dir='ltr'>Linkiano</span> <span class='ocrx_word' id='word_1_35' title='bbox 1443 598 1625 666; x_wconf 79' lang='lat' dir='ltr'><strong>generi</strong></span> <span class='ocrx_word' id='word_1_36' title='bbox 1674 616 1787 650; x_wconf 85' lang='lat' dir='ltr'>ser-</span> 
     </span>
     <span class='ocr_line' id='line_1_6' title="bbox 180 661 1789 739; baseline 0.005 -27"><span class='ocrx_word' id='word_1_37' title='bbox 180 672 367 712; x_wconf 81' lang='lat' dir='ltr'>vatum</span> <span class='ocrx_word' id='word_1_38' title='bbox 407 661 626 715; x_wconf 85' lang='lat' dir='ltr'>vellem.</span> <span class='ocrx_word' id='word_1_39' title='bbox 664 693 733 702; x_wconf 88' lang='grc'>--</span> <span class='ocrx_word' id='word_1_40' title='bbox 773 661 987 716; x_wconf 84' lang='lat' dir='ltr'>Sufficit</span> <span class='ocrx_word' id='word_1_41' title='bbox 1018 666 1071 730; x_wconf 90' lang='lat' dir='ltr'>h.</span> <span class='ocrx_word' id='word_1_42' title='bbox 1112 666 1146 718; x_wconf 73' lang='lat' dir='ltr'>l&#39;„</span> <span class='ocrx_word' id='word_1_43' title='bbox 1182 679 1367 718; x_wconf 83' lang='lat' dir='ltr'>nostro</span> <span class='ocrx_word' id='word_1_44' title='bbox 1392 686 1550 739; x_wconf 89' lang='lat' dir='ltr'>scopo</span> <span class='ocrx_word' id='word_1_45' title='bbox 1583 665 1616 720; x_wconf 67' lang='lat' dir='ltr'>&#39;e</span> <span class='ocrx_word' id='word_1_46' title='bbox 1648 668 1789 720; x_wconf 88' lang='lat' dir='ltr'>mul-</span> 
     </span>
     <span class='ocr_line' id='line_1_7' title="bbox 179 730 1397 805; baseline 0.007 -24"><span class='ocrx_word' id='word_1_47' title='bbox 179 730 248 783; x_wconf 90' lang='lat' dir='ltr'>tis</span> <span class='ocrx_word' id='word_1_48' title='bbox 289 732 567 802; x_wconf 81' lang='lat' dir='ltr'>speciebus</span> <span class='ocrx_word' id='word_1_49' title='bbox 616 733 746 785; x_wconf 87' lang='lat' dir='ltr'>duas</span> <span class='ocrx_word' id='word_1_50' title='bbox 780 735 1123 805; x_wconf 85' lang='lat' dir='ltr'>superiorum</span> <span class='ocrx_word' id='word_1_51' title='bbox 1167 738 1343 790; x_wconf 82' lang='lat' dir='ltr'>citare.</span> <span class='ocrx_word' id='word_1_52' title='bbox 1391 799 1397 805; x_wconf 84' lang='lat'><em>.</em></span> 
     </span>
    </p>

    <p class='ocr_par' dir='ltr' id='par_1_2' title="bbox 177 804 1790 1016">
     <span class='ocr_line' id='line_1_8' title="bbox 177 804 1790 878; baseline 0.006 -25"><span class='ocrx_word' id='word_1_53' title='bbox 177 804 228 856; x_wconf 83' lang='lat' dir='ltr'>l.</span> <span class='ocrx_word' id='word_1_54' title='bbox 323 807 392 857; x_wconf 85' lang='lat' dir='ltr'>A.</span> <span class='ocrx_word' id='word_1_55' title='bbox 441 804 742 871; x_wconf 76' lang='lat' dir='ltr'>speciosum,</span> <span class='ocrx_word' id='word_1_56' title='bbox 798 825 1112 877; x_wconf 81' lang='lat' dir='ltr'>erumpens,</span> <span class='ocrx_word' id='word_1_57' title='bbox 1174 808 1429 878; x_wconf 79' lang='lat' dir='ltr'>sporidiis</span> <span class='ocrx_word' id='word_1_58' title='bbox 1477 811 1675 863; x_wconf 86' lang='grc'>6-10</span> <span class='ocrx_word' id='word_1_59' title='bbox 1730 810 1790 862; x_wconf 83' lang='lat' dir='ltr'>in</span> 
     </span>
     <span class='ocr_line' id='line_1_9' title="bbox 319 874 1790 954; baseline 0.006 -29"><span class='ocrx_word' id='word_1_60' title='bbox 319 874 633 947; x_wconf 82' lang='lat' dir='ltr'><strong>cylindrum</strong></span> <span class='ocrx_word' id='word_1_61' title='bbox 660 888 874 929; x_wconf 88' lang='lat' dir='ltr'>acutum</span> <span class='ocrx_word' id='word_1_62' title='bbox 906 890 1170 948; x_wconf 69' lang='lat' dir='ltr'>septetum</span> <span class='ocrx_word' id='word_1_63' title='bbox 1201 880 1474 945; x_wconf 79' lang='lat' dir='ltr'>connatis,</span> <span class='ocrx_word' id='word_1_64' title='bbox 1510 880 1790 954; x_wconf 84' lang='lat' dir='ltr'>pedicellis</span> 
     </span>
     <span class='ocr_line' id='line_1_10' title="bbox 322 946 1503 1016; baseline 0.006 -21"><span class='ocrx_word' id='word_1_65' title='bbox 322 946 659 1010; x_wconf 71' lang='lat' dir='ltr'>longissimis</span> <span class='ocrx_word' id='word_1_66' title='bbox 699 949 1028 1016; x_wconf 71' lang='lat' dir='ltr'>aequalibus.</span> <span class='ocrx_word' id='word_1_67' title='bbox 1497 974 1503 980; x_wconf 93' lang='lat'><strong>·</strong></span> 
     </span>
    </p>

    <p class='ocr_par' dir='ltr' id='par_1_3' title="bbox 236 1019 1354 1071">
     <span class='ocr_line' id='line_1_11' title="bbox 236 1019 1354 1071; baseline 0.003 -11"><span class='ocrx_word' id='word_1_68' title='bbox 236 1019 461 1060; x_wconf 85' lang='lat' dir='ltr'>Seiridium</span> <span class='ocrx_word' id='word_1_69' title='bbox 490 1021 774 1071; x_wconf 80' lang='lat' dir='ltr'>marginatum.</span> <span class='ocrx_word' id='word_1_70' title='bbox 829 1022 1064 1069; x_wconf 73' lang='lat' dir='ltr'>Schwein,!</span> <span class='ocrx_word' id='word_1_71' title='bbox 1109 1025 1197 1064; x_wconf 85' lang='lat' dir='ltr'>Nec</span> <span class='ocrx_word' id='word_1_72' title='bbox 1226 1023 1354 1063; x_wconf 87' lang='lat' dir='ltr'>Nees.</span> 
     </span>
    </p>

    <p class='ocr_par' dir='ltr' id='par_1_4' title="bbox 175 1089 1793 2229">
     <span class='ocr_line' id='line_1_12' title="bbox 321 1089 1791 1162; baseline 0.004 -22"><span class='ocrx_word' id='word_1_73' title='bbox 321 1089 565 1142; x_wconf 81' lang='lat' dir='ltr'><strong>Maxime</strong></span> <span class='ocrx_word' id='word_1_74' title='bbox 593 1091 897 1161; x_wconf 69' lang='lat' dir='ltr'>spectabile.</span> <span class='ocrx_word' id='word_1_75' title='bbox 969 1092 1076 1143; x_wconf 68' lang='lat' dir='ltr'>Per</span> <span class='ocrx_word' id='word_1_76' title='bbox 1101 1092 1490 1162; x_wconf 77' lang='lat' dir='ltr'>epiclermidem</span> <span class='ocrx_word' id='word_1_77' title='bbox 1512 1112 1791 1146; x_wconf 83' lang='lat' dir='ltr'>ramorum</span> 
     </span>
     <span class='ocr_line' id='line_1_13' title="bbox 179 1162 1792 1233; baseline 0.002 -19"><span class='ocrx_word' id='word_1_78' title='bbox 179 1173 551 1226; x_wconf 86' lang='lat' dir='ltr'>mortuorum,</span> <span class='ocrx_word' id='word_1_79' title='bbox 603 1162 719 1233; x_wconf 79' lang='lat' dir='ltr'>ipsa</span> <span class='ocrx_word' id='word_1_80' title='bbox 757 1164 934 1214; x_wconf 85' lang='lat' dir='ltr'>lacera</span> <span class='ocrx_word' id='word_1_81' title='bbox 984 1163 1207 1224; x_wconf 80' lang='lat' dir='ltr'><strong>cinctae,</strong></span> <span class='ocrx_word' id='word_1_82' title='bbox 1265 1176 1553 1233; x_wconf 75' lang='lat' dir='ltr'>erumpunt</span> <span class='ocrx_word' id='word_1_83' title='bbox 1584 1165 1792 1217; x_wconf 83' lang='lat' dir='ltr'>densis-</span> 
     </span>
     <span class='ocr_line' id='line_1_14' title="bbox 179 1232 1791 1304; baseline 0.002 -21"><span class='ocrx_word' id='word_1_84' title='bbox 179 1232 370 1301; x_wconf 15' lang='lat' dir='ltr'>simae*¹</span> <span class='ocrx_word' id='word_1_85' title='bbox 385 1252 573 1302; x_wconf 81' lang='lat' dir='ltr'>greges</span> <span class='ocrx_word' id='word_1_86' title='bbox 623 1235 686 1285; x_wconf 85' lang='lat' dir='ltr'>ad</span> <span class='ocrx_word' id='word_1_87' title='bbox 732 1242 850 1299; x_wconf 54' lang='lat'>{-</span> <span class='ocrx_word' id='word_1_88' title='bbox 880 1237 906 1284; x_wconf 91' lang='lat' dir='ltr'>l</span> <span class='ocrx_word' id='word_1_89' title='bbox 948 1254 1069 1286; x_wconf 85' lang='lat' dir='ltr'>unc.</span> <span class='ocrx_word' id='word_1_90' title='bbox 1117 1235 1275 1304; x_wconf 85' lang='lat' dir='ltr'>longe</span> <span class='ocrx_word' id='word_1_91' title='bbox 1318 1235 1531 1303; x_wconf 78' lang='lat' dir='ltr'>lateque</span> <span class='ocrx_word' id='word_1_92' title='bbox 1579 1237 1791 1303; x_wconf 84' lang='lat' dir='ltr'>effusae,</span> 
     </span>
     <span class='ocr_line' id='line_1_15' title="bbox 177 1304 1790 1375; baseline 0.002 -20"><span class='ocrx_word' id='word_1_93' title='bbox 177 1304 454 1375; x_wconf 78' lang='lat' dir='ltr'>byssinae,</span> <span class='ocrx_word' id='word_1_94' title='bbox 491 1317 628 1355; x_wconf 86' lang='lat' dir='ltr'>tactu</span> <span class='ocrx_word' id='word_1_95' title='bbox 652 1304 1023 1369; x_wconf 75' lang='lat' dir='ltr'>mollissimae,</span> <span class='ocrx_word' id='word_1_96' title='bbox 1063 1306 1223 1356; x_wconf 83' lang='lat' dir='ltr'>dense</span> <span class='ocrx_word' id='word_1_97' title='bbox 1254 1305 1547 1372; x_wconf 78' lang='lat' dir='ltr'>intricatae,</span> <span class='ocrx_word' id='word_1_98' title='bbox 1584 1319 1635 1358; x_wconf 89' lang='lat' dir='ltr'>at</span> <span class='ocrx_word' id='word_1_99' title='bbox 1655 1326 1790 1359; x_wconf 90' lang='lat' dir='ltr'>neu-</span> 
     </span>
     <span class='ocr_line' id='line_1_16' title="bbox 176 1375 1790 1448; baseline 0.002 -22"><span class='ocrx_word' id='word_1_100' title='bbox 176 1375 383 1444; x_wconf 87' lang='lat' dir='ltr'>tiquam</span> <span class='ocrx_word' id='word_1_101' title='bbox 422 1375 803 1428; x_wconf 79' lang='lat' dir='ltr'>Pucciniarum</span> <span class='ocrx_word' id='word_1_102' title='bbox 830 1375 1270 1439; x_wconf 67' lang='lat' dir='ltr'>Seiridiorumve</span> <span class='ocrx_word' id='word_1_103' title='bbox 1317 1396 1468 1428; x_wconf 85' lang='lat' dir='ltr'>more</span> <span class='ocrx_word' id='word_1_104' title='bbox 1523 1378 1790 1448; x_wconf 87' lang='lat' dir='ltr'>constipa-</span> 
     </span>
     <span class='ocr_line' id='line_1_17' title="bbox 176 1447 1792 1510; baseline 0.002 -13"><span class='ocrx_word' id='word_1_105' title='bbox 176 1457 287 1510; x_wconf 87' lang='lat' dir='ltr'>tae,</span> <span class='ocrx_word' id='word_1_106' title='bbox 317 1448 459 1499; x_wconf 84' lang='lat' dir='ltr'>ultra</span> <span class='ocrx_word' id='word_1_107' title='bbox 495 1447 697 1498; x_wconf 86' lang='lat' dir='ltr'>lineam</span> <span class='ocrx_word' id='word_1_108' title='bbox 743 1467 977 1508; x_wconf 79' lang='lat' dir='ltr'>crassae,</span> <span class='ocrx_word' id='word_1_109' title='bbox 1013 1449 1185 1499; x_wconf 85' lang='lat' dir='ltr'>colore</span> <span class='ocrx_word' id='word_1_110' title='bbox 1225 1460 1360 1501; x_wconf 81' lang='lat' dir='ltr'>atro,</span> <span class='ocrx_word' id='word_1_111' title='bbox 1420 1448 1638 1502; x_wconf 82' lang='lat' dir='ltr'>Stroma</span> <span class='ocrx_word' id='word_1_112' title='bbox 1669 1450 1792 1501; x_wconf 87' lang='lat' dir='ltr'>nul·-</span> 
     </span>
     <span class='ocr_line' id='line_1_18' title="bbox 175 1517 1788 1589; baseline 0.002 -19"><span class='ocrx_word' id='word_1_113' title='bbox 175 1517 290 1570; x_wconf 88' lang='lat' dir='ltr'>lum</span> <span class='ocrx_word' id='word_1_114' title='bbox 324 1531 375 1570; x_wconf 92' lang='lat' dir='ltr'>et</span> <span class='ocrx_word' id='word_1_115' title='bbox 408 1518 661 1589; x_wconf 84' lang='lat' dir='ltr'>pedicelli</span> <span class='ocrx_word' id='word_1_116' title='bbox 701 1520 859 1572; x_wconf 85' lang='lat' dir='ltr'>facile</span> <span class='ocrx_word' id='word_1_117' title='bbox 898 1520 1166 1573; x_wconf 84' lang='lat' dir='ltr'>secedunt.</span> <span class='ocrx_word' id='word_1_118' title='bbox 1202 1552 1203 1555; x_wconf 62' lang='lat'><em>=</em></span> <span class='ocrx_word' id='word_1_119' title='bbox 1232 1520 1342 1570; x_wconf 88' lang='lat' dir='ltr'>Sub</span> <span class='ocrx_word' id='word_1_120' title='bbox 1373 1520 1612 1572; x_wconf 84' lang='lat' dir='ltr'>microsc.</span> <span class='ocrx_word' id='word_1_121' title='bbox 1645 1538 1788 1573; x_wconf 86' lang='lat' dir='ltr'>com-</span> 
     </span>
     <span class='ocr_line' id='line_1_19' title="bbox 176 1589 1790 1661; baseline 0.001 -20"><span class='ocrx_word' id='word_1_122' title='bbox 176 1590 351 1660; x_wconf 89' lang='lat' dir='ltr'>posito</span> <span class='ocrx_word' id='word_1_123' title='bbox 391 1589 491 1641; x_wconf 84' lang='lat' dir='ltr'>vix</span> <span class='ocrx_word' id='word_1_124' title='bbox 521 1589 649 1659; x_wconf 86' lang='lat' dir='ltr'>quid</span> <span class='ocrx_word' id='word_1_125' title='bbox 687 1590 992 1661; x_wconf 83' lang='lat' dir='ltr'>pulchrius3</span> <span class='ocrx_word' id='word_1_126' title='bbox 1036 1605 1112 1643; x_wconf 86' lang='lat' dir='ltr'>est</span> <span class='ocrx_word' id='word_1_127' title='bbox 1135 1592 1526 1658; x_wconf 76' lang='lat' dir='ltr'>Pkragmidium</span> <span class='ocrx_word' id='word_1_128' title='bbox 1549 1592 1790 1644; x_wconf 79' lang='lat' dir='ltr'><strong>maxime</strong></span> 
     </span>
     <span class='ocr_line' id='line_1_20' title="bbox 176 1660 1790 1732; baseline 0.002 -21"><span class='ocrx_word' id='word_1_129' title='bbox 176 1661 480 1714; x_wconf 81' lang='lat' dir='ltr'>luxurians.</span> <span class='ocrx_word' id='word_1_130' title='bbox 563 1660 829 1713; x_wconf 87' lang='lat' dir='ltr'>Pedicelli</span> <span class='ocrx_word' id='word_1_131' title='bbox 888 1661 1225 1730; x_wconf 78' lang='lat' dir='ltr'>longissimi,</span> <span class='ocrx_word' id='word_1_132' title='bbox 1286 1663 1656 1732; x_wconf 85' lang='lat' dir='ltr'>sporidiorum</span> <span class='ocrx_word' id='word_1_133' title='bbox 1703 1681 1790 1714; x_wconf 77' lang='lat' dir='ltr'>ca·-</span> 
     </span>
     <span class='ocr_line' id='line_1_21' title="bbox 177 1732 1789 1801; baseline 0.001 -18"><span class='ocrx_word' id='word_1_134' title='bbox 177 1744 300 1783; x_wconf 89' lang='lat' dir='ltr'>tena</span> <span class='ocrx_word' id='word_1_135' title='bbox 347 1732 524 1783; x_wconf 83' lang='lat' dir='ltr'>sexies</span> <span class='ocrx_word' id='word_1_136' title='bbox 575 1744 625 1782; x_wconf 89' lang='lat' dir='ltr'>et</span> <span class='ocrx_word' id='word_1_137' title='bbox 681 1734 826 1784; x_wconf 85' lang='lat' dir='ltr'>ultra</span> <span class='ocrx_word' id='word_1_138' title='bbox 892 1733 1190 1800; x_wconf 78' lang='lat' dir='ltr'>longiores,</span> <span class='ocrx_word' id='word_1_139' title='bbox 1253 1733 1475 1785; x_wconf 89' lang='lat' dir='ltr'>omnino</span> <span class='ocrx_word' id='word_1_140' title='bbox 1517 1734 1789 1801; x_wconf 77' lang='lat' dir='ltr'>aequales,</span> 
     </span>
     <span class='ocr_line' id='line_1_22' title="bbox 178 1802 1791 1874; baseline 0.001 -21"><span class='ocrx_word' id='word_1_141' title='bbox 178 1802 466 1874; x_wconf 80' lang='lat' dir='ltr'>pellucidi,</span> <span class='ocrx_word' id='word_1_142' title='bbox 524 1802 789 1873; x_wconf 83' lang='lat' dir='ltr'>(stipitem</span> <span class='ocrx_word' id='word_1_143' title='bbox 835 1802 1073 1855; x_wconf 81' lang='lat' dir='ltr'>Mucoris</span> <span class='ocrx_word' id='word_1_144' title='bbox 1129 1805 1472 1871; x_wconf 82' lang='lat' dir='ltr'>referentes),</span> <span class='ocrx_word' id='word_1_145' title='bbox 1533 1803 1791 1873; x_wconf 83' lang='lat' dir='ltr'>contigui,</span> 
     </span>
     <span class='ocr_line' id='line_1_23' title="bbox 178 1874 1793 1947; baseline 0.001 -22"><span class='ocrx_word' id='word_1_146' title='bbox 178 1874 457 1926; x_wconf 84' lang='lat' dir='ltr'>terminati</span> <span class='ocrx_word' id='word_1_147' title='bbox 489 1886 674 1925; x_wconf 84' lang='lat' dir='ltr'>catena</span> <span class='ocrx_word' id='word_1_148' title='bbox 712 1875 1080 1947; x_wconf 81' lang='lat' dir='ltr'>sporidiorum</span> <span class='ocrx_word' id='word_1_149' title='bbox 1122 1876 1367 1941; x_wconf 71' lang='lat'>(6-10)</span> <span class='ocrx_word' id='word_1_150' title='bbox 1404 1874 1793 1926; x_wconf 75' lang='lat' dir='ltr'>moniliformi-</span> 
     </span>
     <span class='ocr_line' id='line_1_24' title="bbox 177 1945 1790 2016; baseline -0.002 -20"><span class='ocrx_word' id='word_1_151' title='bbox 177 1945 504 2016; x_wconf 85' lang='lat' dir='ltr'>cylindrica‚</span> <span class='ocrx_word' id='word_1_152' title='bbox 538 1945 723 2015; x_wconf 85' lang='lat' dir='ltr'>nigra,</span> <span class='ocrx_word' id='word_1_153' title='bbox 756 1946 847 1999; x_wconf 86' lang='lat' dir='ltr'>sed</span> <span class='ocrx_word' id='word_1_154' title='bbox 873 1946 1220 2016; x_wconf 72' lang='lat' dir='ltr'>pellucidula,</span> <span class='ocrx_word' id='word_1_155' title='bbox 1252 1945 1486 1998; x_wconf 82' lang='lat' dir='ltr'>ceterum</span> <span class='ocrx_word' id='word_1_156' title='bbox 1512 1946 1790 2013; x_wconf 73' lang='lat' dir='ltr'>Phragmi.</span> 
     </span>
     <span class='ocr_line' id='line_1_25' title="bbox 178 2016 1791 2090; baseline -0.001 -21"><span class='ocrx_word' id='word_1_157' title='bbox 178 2017 269 2071; x_wconf 79' lang='lat' dir='ltr'>dii.</span> <span class='ocrx_word' id='word_1_158' title='bbox 338 2019 401 2068; x_wconf 91' lang='lat' dir='ltr'>In</span> <span class='ocrx_word' id='word_1_159' title='bbox 431 2016 659 2069; x_wconf 83' lang='lat' dir='ltr'>vetustis</span> <span class='ocrx_word' id='word_1_160' title='bbox 701 2018 934 2090; x_wconf 81' lang='lat' dir='ltr'>sporidia</span> <span class='ocrx_word' id='word_1_161' title='bbox 983 2018 1236 2069; x_wconf 84' lang='lat' dir='ltr'>secedunt</span> <span class='ocrx_word' id='word_1_162' title='bbox 1283 2018 1604 2088; x_wconf 87' lang='lat' dir='ltr'>pulveraceo</span> <span class='ocrx_word' id='word_1_163' title='bbox 1631 2016 1791 2068; x_wconf 85' lang='lat' dir='ltr'>-dis-</span> 
     </span>
     <span class='ocr_line' id='line_1_26' title="bbox 178 2087 1792 2160; baseline 0.001 -21"><span class='ocrx_word' id='word_1_164' title='bbox 178 2106 364 2160; x_wconf 85' lang='lat' dir='ltr'>persa,</span> <span class='ocrx_word' id='word_1_165' title='bbox 400 2101 459 2139; x_wconf 90' lang='lat' dir='ltr'>ut</span> <span class='ocrx_word' id='word_1_166' title='bbox 484 2087 544 2139; x_wconf 91' lang='lat' dir='ltr'>in</span> <span class='ocrx_word' id='word_1_167' title='bbox 575 2089 1047 2159; x_wconf 79' lang='lat' dir='ltr'>Phragmotricho.</span> <span class='ocrx_word' id='word_1_168' title='bbox 1101 2091 1191 2141; x_wconf 73' lang='lat' dir='ltr'>Ad</span> <span class='ocrx_word' id='word_1_169' title='bbox 1220 2107 1388 2140; x_wconf 81' lang='lat' dir='ltr'>ramos</span> <span class='ocrx_word' id='word_1_170' title='bbox 1413 2098 1658 2139; x_wconf 81' lang='lat' dir='ltr'>emortuos</span> <span class='ocrx_word' id='word_1_171' title='bbox 1678 2092 1792 2142; x_wconf 83' lang='lat' dir='ltr'><strong><em>Ro..</em></strong></span> 
     </span>
     <span class='ocr_line' id='line_1_27' title="bbox 180 2160 1513 2229; baseline 0 -17"><span class='ocrx_word' id='word_1_172' title='bbox 180 2180 268 2212; x_wconf 76' lang='lat' dir='ltr'>sae</span> <span class='ocrx_word' id='word_1_173' title='bbox 301 2160 675 2229; x_wconf 71' lang='lat' dir='ltr'>corymbiferae</span> <span class='ocrx_word' id='word_1_174' title='bbox 708 2163 763 2211; x_wconf 82' lang='lat' dir='ltr'>in</span> <span class='ocrx_word' id='word_1_175' title='bbox 794 2161 1037 2213; x_wconf 76' lang='lat' dir='ltr'>America</span> <span class='ocrx_word' id='word_1_176' title='bbox 1076 2161 1284 2212; x_wconf 73' lang='lat' dir='ltr'>boreali.</span> <span class='ocrx_word' id='word_1_177' title='bbox 1323 2164 1404 2226; x_wconf 80' lang='lat' dir='ltr'>(v.</span> <span class='ocrx_word' id='word_1_178' title='bbox 1445 2162 1513 2226; x_wconf 82' lang='lat' dir='ltr'>S.)</span> 
     </span>
    </p>

    <p class='ocr_par' dir='ltr' id='par_1_5' title="bbox 181 2229 1793 2866">
     <span class='ocr_line' id='line_1_28' title="bbox 325 2229 1790 2303; baseline 0 -20"><span class='ocrx_word' id='word_1_179' title='bbox 325 2231 416 2283; x_wconf 86' lang='lat' dir='ltr'>Ex</span> <span class='ocrx_word' id='word_1_180' title='bbox 466 2232 652 2283; x_wconf 84' lang='lat' dir='ltr'>eadem</span> <span class='ocrx_word' id='word_1_181' title='bbox 697 2232 887 2284; x_wconf 87' lang='lat' dir='ltr'>Patria</span> <span class='ocrx_word' id='word_1_182' title='bbox 942 2232 1123 2303; x_wconf 84' lang='lat' dir='ltr'>plures</span> <span class='ocrx_word' id='word_1_183' title='bbox 1181 2232 1374 2282; x_wconf 81' lang='lat' dir='ltr'>adsunt</span> <span class='ocrx_word' id='word_1_184' title='bbox 1436 2229 1790 2283; x_wconf 83' lang='lat' dir='ltr'>formationes</span> 
     </span>
     <span class='ocr_line' id='line_1_29' title="bbox 181 2300 1792 2373; baseline -0.003 -17"><span class='ocrx_word' id='word_1_185' title='bbox 181 2304 358 2373; x_wconf 83' lang='lat' dir='ltr'>quoad</span> <span class='ocrx_word' id='word_1_186' title='bbox 411 2302 778 2372; x_wconf 84' lang='lat' dir='ltr'>sporidiorum</span> <span class='ocrx_word' id='word_1_187' title='bbox 833 2316 1042 2355; x_wconf 83' lang='lat' dir='ltr'>catenas</span> <span class='ocrx_word' id='word_1_188' title='bbox 1099 2302 1407 2368; x_wconf 84' lang='lat' dir='ltr'>recedentes</span> <span class='ocrx_word' id='word_1_189' title='bbox 1457 2300 1672 2352; x_wconf 82' lang='lat' dir='ltr'>circiter</span> <span class='ocrx_word' id='word_1_190' title='bbox 1731 2312 1792 2352; x_wconf 90' lang='lat' dir='ltr'>ut</span> 
     </span>
     <span class='ocr_line' id='line_1_30' title="bbox 182 2370 1791 2446; baseline -0.004 -18"><span class='ocrx_word' id='word_1_191' title='bbox 182 2374 384 2446; x_wconf 88' lang='lat' dir='ltr'>species</span> <span class='ocrx_word' id='word_1_192' title='bbox 440 2373 821 2444; x_wconf 83' lang='lat' dir='ltr'>Phragmidii,</span> <span class='ocrx_word' id='word_1_193' title='bbox 881 2374 973 2425; x_wconf 82' lang='lat' dir='ltr'>sed</span> <span class='ocrx_word' id='word_1_194' title='bbox 1013 2373 1265 2444; x_wconf 83' lang='lat' dir='ltr'>pedicelli</span> <span class='ocrx_word' id='word_1_195' title='bbox 1304 2371 1571 2440; x_wconf 75' lang='lat' dir='ltr'>aequales,</span> <span class='ocrx_word' id='word_1_196' title='bbox 1637 2370 1791 2423; x_wconf 82' lang='lat' dir='ltr'>Offe-</span> 
     </span>
     <span class='ocr_line' id='line_1_31' title="bbox 181 2441 1791 2510; baseline -0.004 -11"><span class='ocrx_word' id='word_1_197' title='bbox 181 2457 313 2499; x_wconf 88' lang='lat' dir='ltr'>runt</span> <span class='ocrx_word' id='word_1_198' title='bbox 346 2464 477 2498; x_wconf 86' lang='lat' dir='ltr'>vero</span> <span class='ocrx_word' id='word_1_199' title='bbox 514 2445 575 2496; x_wconf 88' lang='lat' dir='ltr'>hi</span> <span class='ocrx_word' id='word_1_200' title='bbox 630 2445 800 2497; x_wconf 87' lang='lat' dir='ltr'>alium</span> <span class='ocrx_word' id='word_1_201' title='bbox 837 2445 1230 2510; x_wconf 80' lang='lat' dir='ltr'>characterem,</span> <span class='ocrx_word' id='word_1_202' title='bbox 1265 2463 1386 2495; x_wconf 88' lang='lat' dir='ltr'>cum</span> <span class='ocrx_word' id='word_1_203' title='bbox 1419 2462 1472 2495; x_wconf 51' lang='grc' dir='ltr'>νο</span> <span class='ocrx_word' id='word_1_204' title='bbox 1514 2461 1558 2495; x_wconf 91' lang='lat' dir='ltr'>c.</span> <span class='ocrx_word' id='word_1_205' title='bbox 1596 2441 1656 2493; x_wconf 89' lang='lat' dir='ltr'>in</span> <span class='ocrx_word' id='word_1_206' title='bbox 1697 2442 1791 2493; x_wconf 84' lang='lat' dir='ltr'>de-</span> 
     </span>
     <span class='ocr_line' id='line_1_32' title="bbox 184 2512 1792 2587; baseline -0.004 -17"><span class='ocrx_word' id='word_1_207' title='bbox 184 2517 388 2587; x_wconf 90' lang='lat' dir='ltr'>scripta</span> <span class='ocrx_word' id='word_1_208' title='bbox 422 2535 634 2587; x_wconf 85' lang='lat' dir='ltr'>semper</span> <span class='ocrx_word' id='word_1_209' title='bbox 678 2516 949 2587; x_wconf 85' lang='lat' dir='ltr'>simplices</span> <span class='ocrx_word' id='word_1_210' title='bbox 979 2529 1133 2576; x_wconf 77' lang='lat' dir='ltr'>sunt,</span> <span class='ocrx_word' id='word_1_211' title='bbox 1183 2515 1242 2567; x_wconf 87' lang='lat' dir='ltr'>in</span> <span class='ocrx_word' id='word_1_212' title='bbox 1285 2512 1507 2567; x_wconf 75' lang='lat' dir='ltr'>Seiridio</span> <span class='ocrx_word' id='word_1_213' title='bbox 1554 2512 1792 2565; x_wconf 77' lang='lat' dir='ltr'>Smilacis</span> 
     </span>
     <span class='ocr_line' id='line_1_33' title="bbox 184 2583 1793 2658; baseline -0.005 -16"><span class='ocrx_word' id='word_1_214' title='bbox 184 2587 497 2642; x_wconf 76' lang='lat' dir='ltr'>Schwein.!</span> <span class='ocrx_word' id='word_1_215' title='bbox 535 2605 688 2658; x_wconf 87' lang='lat' dir='ltr'>saepe</span> <span class='ocrx_word' id='word_1_216' title='bbox 728 2587 954 2650; x_wconf 84' lang='lat' dir='ltr'>ramosi,</span> <span class='ocrx_word' id='word_1_217' title='bbox 993 2587 1074 2637; x_wconf 87' lang='lat' dir='ltr'>cni</span> <span class='ocrx_word' id='word_1_218' title='bbox 1104 2587 1260 2638; x_wconf 85' lang='lat' dir='ltr'>etiam</span> <span class='ocrx_word' id='word_1_219' title='bbox 1294 2583 1666 2656; x_wconf 84' lang='lat' dir='ltr'>sporidiorum</span> <span class='ocrx_word' id='word_1_220' title='bbox 1706 2602 1793 2634; x_wconf 89' lang='lat' dir='ltr'>ca-</span> 
     </span>
     <span class='ocr_line' id='line_1_34' title="bbox 185 2657 1790 2729; baseline -0.004 -18"><span class='ocrx_word' id='word_1_221' title='bbox 185 2673 339 2711; x_wconf 87' lang='lat' dir='ltr'>tenae</span> <span class='ocrx_word' id='word_1_222' title='bbox 378 2659 625 2724; x_wconf 82' lang='lat' dir='ltr'>obtusae,</span> <span class='ocrx_word' id='word_1_223' title='bbox 678 2676 882 2729; x_wconf 84' lang='lat' dir='ltr'>opacae.</span> <span class='ocrx_word' id='word_1_224' title='bbox 957 2657 1078 2709; x_wconf 86' lang='lat' dir='ltr'>Hoc</span> <span class='ocrx_word' id='word_1_225' title='bbox 1117 2677 1246 2708; x_wconf 83' lang='lat' dir='ltr'>vero</span> <span class='ocrx_word' id='word_1_226' title='bbox 1294 2657 1413 2707; x_wconf 83' lang='lat' dir='ltr'>loco</span> <span class='ocrx_word' id='word_1_227' title='bbox 1456 2673 1517 2705; x_wconf 84' lang='lat' dir='ltr'>ea</span> <span class='ocrx_word' id='word_1_228' title='bbox 1563 2665 1790 2720; x_wconf 80' lang='lat' dir='ltr'>tantum,</span> 
     </span>
     <span class='ocr_line' id='line_1_35' title="bbox 187 2727 1792 2800; baseline -0.004 -18"><span class='ocrx_word' id='word_1_229' title='bbox 187 2750 323 2800; x_wconf 89' lang='lat' dir='ltr'>quae</span> <span class='ocrx_word' id='word_1_230' title='bbox 354 2729 585 2781; x_wconf 81' lang='lat' dir='ltr'>historia</span> <span class='ocrx_word' id='word_1_231' title='bbox 620 2728 975 2799; x_wconf 78' lang='lat' dir='ltr'>vegetationis</span> <span class='ocrx_word' id='word_1_232' title='bbox 1013 2728 1290 2782; x_wconf 82' lang='lat' dir='ltr'>evidenter</span> <span class='ocrx_word' id='word_1_233' title='bbox 1332 2727 1609 2792; x_wconf 79' lang='lat' dir='ltr'>differunt,</span> <span class='ocrx_word' id='word_1_234' title='bbox 1643 2743 1792 2777; x_wconf 84' lang='lat' dir='ltr'>seor-</span> 
     </span>
     <span class='ocr_line' id='line_1_36' title="bbox 187 2800 1187 2866; baseline -0.001 -12"><span class='ocrx_word' id='word_1_235' title='bbox 187 2802 295 2854; x_wconf 89' lang='lat' dir='ltr'>sim</span> <span class='ocrx_word' id='word_1_236' title='bbox 331 2800 591 2853; x_wconf 81' lang='lat' dir='ltr'>describO.</span> <span class='ocrx_word' id='word_1_237' title='bbox 650 2863 661 2866; x_wconf 15' lang='grc' dir='ltr'>χ</span> <span class='ocrx_word' id='word_1_238' title='bbox 1179 2810 1187 2814; x_wconf 59' lang='lat'>‘</span> 
     </span>
    </p>

    <p class='ocr_par' dir='ltr' id='par_1_6' title="bbox 185 2867 1795 3067">
     <span class='ocr_line' id='line_1_37' title="bbox 185 2867 1794 2940; baseline -0.006 -13"><span class='ocrx_word' id='word_1_239' title='bbox 185 2874 241 2927; x_wconf 83' lang='grc'>2.</span> <span class='ocrx_word' id='word_1_240' title='bbox 333 2876 403 2925; x_wconf 86' lang='grc' dir='ltr'>Α.</span> <span class='ocrx_word' id='word_1_241' title='bbox 439 2869 847 2937; x_wconf 62' lang='grc' dir='ltr'>Ρήναὲφηίᾱὶτιηι,</span> <span class='ocrx_word' id='word_1_242' title='bbox 883 2867 1571 2940; x_wconf 82' lang='lat' dir='ltr'>superficiali-liberatum,</span> <span class='ocrx_word' id='word_1_243' title='bbox 1616 2867 1794 2938; x_wconf 73' lang='lat' dir='ltr'>spol-i-</span> 
     </span>
     <span class='ocr_line' id='line_1_38' title="bbox 331 2937 1795 3012; baseline -0.003 -18"><span class='ocrx_word' id='word_1_244' title='bbox 331 2942 437 2994; x_wconf 82' lang='lat' dir='ltr'>diis</span> <span class='ocrx_word' id='word_1_245' title='bbox 491 2943 617 3008; x_wconf 57' lang='lat'>37-</span> <span class='ocrx_word' id='word_1_246' title='bbox 641 2942 679 2992; x_wconf 85' lang='lat'>4</span> <span class='ocrx_word' id='word_1_247' title='bbox 722 2941 783 2993; x_wconf 88' lang='lat' dir='ltr'>in</span> <span class='ocrx_word' id='word_1_248' title='bbox 826 2939 1134 3012; x_wconf 75' lang='lat' dir='ltr'>cylindrum</span> <span class='ocrx_word' id='word_1_249' title='bbox 1184 2938 1459 3006; x_wconf 61' lang='lat' dir='ltr'>connati-5,</span> <span class='ocrx_word' id='word_1_250' title='bbox 1519 2937 1795 3010; x_wconf 85' lang='lat' dir='ltr'>pedicellis</span> 
     </span>
     <span class='ocr_line' id='line_1_39' title="bbox 335 3012 773 3067; baseline -0.011 0"><span class='ocrx_word' id='word_1_251' title='bbox 335 3012 719 3067; x_wconf 76' lang='lat' dir='ltr'>mediocribus,</span> <span class='ocrx_word' id='word_1_252' title='bbox 771 3060 773 3062; x_wconf 84' lang='lat'>.</span> 
     </span>
    </p>
   </div>
  </div>
 </body>
</html>
