1887 3255
709 101 1009 158 GORNYE
1019 100 1146 158 ΠΜ.
1188 146 1190 149 .
1620 93 1728 149 475

58 246 173 319 ⁴8)
217 242 474 317 Sporidia
529 256 729 308 erecta,
788 239 1216 308 clavata‚·haud
1268 248 1470 310 sept-ata
1521 237 1715 308 (septis

167 317 367 369 ‘forsan
403 317 699 381 evanidis),
745 311 1010 385 pedicello
1059 323 1277 382 septam.
1344 309 1509 361 Alius
1556 307 1715 360 facile

142 448 145 450 ,
178 388 489 442 Prostlzemii
520 387 734 438 belulini
773 397 963 443 status,
1006 384 1089 434 cui
1112 386 1226 435 loco
1269 395 1318 439 et
1340 380 1527 432 habitu
1556 399 1716 450 pror-

179 477 270 511 sus
317 458 594 522 convenit,
640 477 751 510 non
801 456 876 508 ita
911 474 1040 507 vero
1081 452 1482 506 characteribus
1515 451 1715 503 micro-

179 529 420 601 scopiciS.

109 617 169 688 b)
215 614 467 686 Sporidia
503 614 617 676 (aut
651 609 829 681 potius
855 611 964 663 asci
989 610 1171 676 vacui)
1206 605 1557 661 floccisormia
1588 625 1714 657 con-

178 685 350 756 tigua,
411 682 535 751 dein
587 680 1326 742 moniliformi-constricta‚
1361 690 1562 745 erecta,
1615 677 1713 728 ad-

175 769 304 808 nata
358 755 580 823 (absque
637 753 920 824 pedicello)
973 753 1132 805 dense
1185 749 1712 823 parallelo-stipata

175 827 236 879 in
282 825 482 878 discum
531 823 971 895 conglutinatum.
1054 830 1196 878 Color
1241 835 1370 877 ater.
1402 853 1471 861 —
1528 819 1713 875 Status

174 897 314 950 inter
345 897 612 950 Stia-tidem
680 909 731 948 et
765 902 1039 966 Goryneum
1071 914 1289 966 prorsus
1325 893 1681 946 intermedius
1692 912 1709 958 ;

172 967 350 1022 discus
392 968 662 1021 formatur
699 987 726 1020 e
766 968 943 1020 floccis
972 965 1338 1026 condensatiS,
1375 965 1496 1016 aliis
1539 963 1712 1016 conti-

170 1039 291 1108 guis
336 1040 806 1112 (paraphysibus),
855 1039 978 1091 aliis
1026 1036 1518 1095 inonilisormibus,
1573 1034 1710 1087 ascis

169 1111 231 1163 in
269 1112 452 1164 multis
491 1111 780 1180 Cenangiis
809 1131 862 1164 v.
896 1130 938 1165 c.
983 1116 1033 1163 G.
1070 1110 1328 1174 c'raterio,
1367 1108 1426 1160 in
1460 1126 1564 1175 quo
1601 1106 1712 1159 asci

173 1194 383 1235 tantum
442 1183 867 1245 moniliformes‚
920 1180 1387 1253 respondentibus.
1472 1177 1709 1230 Habitus

174 1267 411 1306 ceterum
454 1255 684 1323 Οονφιεί,
739 1255 829 1306 sed
877 1253 1052 1305 forma
1099 1251 1362 1322 primaria
1412 1250 1470 1302 in
1513 1250 1710 1301 cortice

175 1325 359 1378 Titiae
394 1327 581 1386 obvia,
644 1338 880 1378 ceterum
925 1325 1027 1378 vix
1061 1325 1276 1377 diversa
1332 1342 1362 1374 a
1408 1322 1558 1378 Stict.
1626 1321 1711 1371 ηἰ-

166 1399 359 1462 gram,
401 1417 530 1449 vere
566 1398 816 1465 ascigera.
862 1428 929 1435 ——
965 1395 1134 1447 Multa
1172 1414 1297 1446 sane
1321 1398 1543 1451 restant,
1578 1411 1710 1460 quae

172 1469 237 1518 de
272 1467 432 1518 dubia
472 1483 522 1519 et
556 1482 796 1539 suspecta
844 1469 1041 1519 harum
1074 1467 1386 1518 infimarum
1428 1464 1711 1516 formatio-

170 1558 304 1589 num
334 1539 515 1590 indole
542 1539 601 1589 in
635 1540 872 1590 medium
911 1539 1151 1609 proferre
1172 1556 1410 1608 possem,
1448 1534 1541 1587 sed
1577 1554 1712 1602 quae

172 1609 449 1675 differam,
487 1610 656 1661 donec
697 1629 767 1660 ex
804 1611 1017 1679 integro
1070 1628 1252 1659 earum
1291 1605 1712 1677 anamorphosin

173 1700 444 1751 exponere
478 1681 652 1734 liceat.
720 1681 981 1733 Faustum
1003 1700 1134 1732 vero
1171 1698 1380 1744 censeo,
1413 1678 1553 1747 quod
1582 1678 1710 1728 hac-

97 1762 103 1766 “
171 1763 326 1804 tenus
368 1752 575 1803 nemini
607 1752 967 1805 evidentiores
1009 1751 1263 1821 Fungos,
1308 1769 1362 1804 v.
1400 1769 1445 1804 c.
1490 1751 1712 1817 Polypo-

171 1842 271 1889 νος,
318 1824 662 1891 ΤΙιεΖερΙιοναε
688 1837 800 1889 etc„
838 1825 904 1874 ob
929 1824 1139 1874 easdem
1166 1822 1405 1873 rationes
1440 1820 1500 1873 in
1525 1819 1710 1873 diver-

148 1913 260 1956 θ533
298 1896 490 1945 classes
525 1909 574 1945 et
603 1913 796 1962 genera
825 1895 1150 1947 distribuere
1185 1893 1244 1944 in
1269 1903 1502 1943 mentem
1539 1891 1709 1956 venit,

174 1965 299 2017 licet
345 1966 405 2016 in
450 1965 535 2017 his
596 1964 759 2017 etiam
803 1967 998 2017 melius
1056 1964 1208 2034 sequi
1256 1963 1412 2015 licuit
1464 1982 1711 2015 ascorum

173 2036 354 2107 primo
393 2035 803 2104 immersorum,
839 2038 964 2089 dein
986 2055 1319 2088 emersorum
1345 2034 1710 2105 anamorpho-

174 2108 261 2160 sin
294 2107 353 2160 in
391 2108 629 2179 sporidia
667 2121 870 2180 septata
897 2129 940 2162 e.
972 2129 1014 2163 s,
1053 2129 1104 2179 p.
1176 2107 1379 2160 Videas
1414 2126 1468 2160 v.
1513 2125 1558 2159 c.
1596 2105 1707 2157 ico-

173 2199 300 2231 nem
330 2181 574 2247 leeleplz.
605 2192 912 2247 corrugatae
934 2180 1126 2252 (Padi)
1155 2179 1295 2251 apud
1324 2178 1492 2232 Grev.
1519 2175 1708 2249 Crypt.

174 2249 320 2305 Scot.
359 2264 398 2304 t.
425 2252 549 2303 23⁴2.
590 2283 660 2291 --
696 2250 763 2302 Et
796 2265 1121 2322 quantopere
1172 2251 1232 2303 in
1276 2270 1382 2302 uno
1418 2248 1708 2318 eodemque

169 2322 467 2393 perithecio
502 2343 554 2376 v.
585 2344 625 2379 c.
671 2324 955 2389 Sphaeriae
978 2323 1342 2394 polymorphae
1367 2321 1561 2373 mutati
1585 2335 1711 2372 sunt

172 2394 320 2447 esci?
392 2395 471 2447 Ad
508 2396 843 2447 characteres
879 2396 1136 2464 genuinos
1161 2393 1424 2446 eruendos
1459 2392 1706 2447 microsc.

171 2484 340 2535 comp.
379 2467 742 2518 necessarium
785 2479 890 2531 est,
931 2467 1022 2518 sed
1057 2466 1237 2518 omnia
1281 2482 1503 2534 genera,
1538 2464 1708 2517 immo

172 2537 403 2607 species,
467 2557 602 2606 quae
638 2538 762 2589 dein
803 2538 947 2589 nudo
987 2538 1144 2590 oculo
1190 2537 1274 2591 vel
1302 2537 1447 2588 lente
1480 2555 1590 2587 non
1619 2555 1707 2588 re-

173 2622 592 2679 cognoscunt-ur,
637 2609 777 2661 mihi
813 2609 975 2661 dubia
1016 2621 1151 2664 sunt.
