1887 3255
733 104 1053 164 omnm:
1261 146 1268 155 ,
1590 82 1699 169 429

83 263 173 318 sed
221 272 334 314 tota
391 253 692 328 morphosis
743 251 1013 320 sequenda
1057 260 1153 304 est.
1231 252 1380 303 Inter
1413 273 1697 314 numerosa

85 333 251 388 Oidia
294 349 354 384 ea
400 341 608 383 tantum
655 322 887 392 recipio,
945 339 1079 390 quae
1113 321 1322 375 iteratis
1353 324 1560 381 vicibus
1600 331 1700 384 hoc

85 425 225 459 anno
261 403 396 458 vidi.
423 432 492 441 --
514 397 644 451 Alia
678 393 820 446 ratio
854 404 932 445 est
959 394 1262 445 Torularum
1290 413 1451 448 sensu
1481 412 1700 469 nostr03

84 478 143 531 in
177 476 264 529 his
305 474 522 527 nullum
550 469 698 520 adest
735 476 968 538 systema
1000 465 1369 530 vegetativum
1391 468 1702 536 discretum,

84 549 282 602 melior
316 564 440 618 pars
483 541 658 594 oritur
696 554 724 587 e
760 535 1368 607 sporidiiS-Uredinum,
1403 541 1706 616 Stilbospo-

85 639 276 673 rarum
312 614 473 686 quasi*
498 607 885 670 concatenatis,
919 627 947 658 e
984 607 1186 678 plantis
1227 611 1462 682 erumpit
1498 632 1543 668 e.
1575 635 1618 670 S.
1654 638 1707 688 p.

90 691 230 745 Cum
277 701 514 760 systema
561 678 930 748 vegetativum
990 697 1018 728 a
1079 679 1363 734 fructifero
1415 683 1710 741 discretum

87 761 403 835 primariam
435 753 594 807 facile
630 749 995 801 differentiam
1017 747 1282 822 Hyphom
1327 765 1501 808 cetum
1534 770 1584 810 et
1610 761 1712 812 Co..

90 833 457 905 niomycetum
496 826 720 883 offerat,
767 841 879 873 non
921 820 1074 892 potui
1126 841 1238 873 non
1347 828 1530 880 orulas
1571 829 1715 884 inter

89 903 498 973 Coniomycetes
539 894 814 966 recipere,
850 902 960 945 tam
1000 893 1067 945 ob
1099 894 1411 948 affinitatem
1452 901 1603 965 (nam
1634 903 1721 955 sa-

95 975 251 1028 cilius
290 972 419 1025 etin
443 986 643 1041 genera
681 965 843 1018 citata
865 964 988 1016 etin
1018 963 1471 1035 Sporidesmium,
1505 971 1722 1044 Phrag-

90 1044 419 1100 motrichum
457 1053 553 1096 etc.
603 1038 828 1104 abeunt,
881 1054 1042 1106 quam
1088 1036 1148 1088 in
1201 1037 1412 1107 Oidia),
1454 1061 1612 1111 quam
1653 1046 1722 1099 ob

91 1137 298 1170 nexum
330 1135 453 1169 cum
492 1113 730 1165 aliorum
768 1127 1030 1180 generum
1067 1109 1303 1181 mycelio
1333 1129 1386 1164 v.
1419 1131 1461 1166 c,
1506 1116 1724 1169 Anten-

91 1188 296 1245 nariae.
367 1187 609 1240 Torulas
653 1181 784 1234 hinc
829 1179 890 1233 in
942 1179 1190 1251 analoga,
1241 1200 1355 1233 non
1405 1185 1555 1239 affini
1582 1188 1723 1242 serie

99 1262 320 1315 colloco,

239 1330 395 1384 Obs.
438 1329 494 1380 2.
569 1324 751 1379 Oidiis
789 1335 842 1376 et
864 1321 1095 1376 Torulis
1124 1341 1290 1393 porro
1320 1325 1576 1396 analogae
1599 1342 1725 1384 sunt

102 1404 354 1470 Gonoplea
397 1399 667 1468 sphaerica
717 1396 810 1457 Ρ.,
865 1400 1065 1462 Gonopl.
1107 1396 1312 1445 cinerea
1358 1395 1448 1464 Ρ.,
1514 1404 1720 1472 Conopl.

95 1473 406 1542 ferruginea
434 1469 706 1524 Schwein.
749 1478 801 1519 et
837 1466 978 1518 forte
1018 1465 1181 1517 etiam
1225 1470 1429 1533 Conopl.
1460 1470 1617 1536 fusca
1653 1473 1722 1527 P.

99 1545 354 1611 (Oidium
385 1543 767 1594 subramosum
801 1538 945 1589 Link
976 1541 1125 1604 Spec.
1177 1540 1226 1590 l.
1255 1557 1310 1604 p.
1354 1539 1499 1609 125.)
1545 1545 1724 1614 spori-

101 1617 207 1668 diis
248 1612 553 1666 minoribus
595 1610 783 1661 eodem
820 1609 989 1660 modo
1020 1608 1406 1671 concatenatis,
1455 1613 1548 1664 sed
1578 1616 1726 1685 peri-

104 1688 194 1740 dio
235 1683 463 1738 inclusis
511 1682 573 1734 in
621 1692 762 1732 statu
803 1677 1064 1750 primario
1115 1678 1383 1747 evidenti,
1435 1687 1729 1752 Hypbeliae

105 1772 157 1812 et
204 1752 622 1811 Trichodermati
646 1752 859 1816 affinem
905 1749 1099 1819 quibus
1135 1769 1336 1802 nomen
1371 1772 1528 1808 servo
1571 1764 1732 1811 Gono-

99 1833 250 1900 pleae
292 1828 358 1880 ad
396 1824 629 1897 speciem
654 1822 722 1876 P.
751 1820 1100 1892 primariam,
1140 1840 1293 1884 cum,
1334 1825 1553 1888 jubente
1590 1829 1732 1882 Lin-

105 1921 270 1966 naeo‚
323 1894 700 1969 praesentibus
745 1891 885 1963 aptis
942 1893 1260 1963 synonymis
1310 1915 1455 1948 nova
1505 1902 1730 1954 nomina

107 1993 221 2025 non
262 1968 516 2039 fingenda
557 1966 692 2029 sint,
741 1982 864 2014 cum
924 1969 1174 2030 Gonoplea
1222 1964 1428 2034 hispida
1492 1969 1735 2026 distincti

109 2041 325 2112 generis
357 2053 551 2111 typum
589 2035 727 2088 haud
765 2033 1046 2095 exhibeat‚
1085 2054 1208 2086 cum
1234 2038 1483 2106 equidem
1508 2044 1734 2098 nomina

108 2110 333 2187 propria
374 2111 516 2180 sigla
549 2118 730 2159 notata
761 2124 926 2174 aeque
965 2104 1171 2159 evitare
1214 2109 1485 2173 studeam,
1521 2131 1581 2165 ac
1614 2116 1736 2184 qui-
1763 2145 1770 2152 -

111 2189 232 2239 dam
283 2184 537 2236 adamare
587 2178 860 2232 videntur.
929 2176 1246 2230 Permultae
1312 2181 1467 2235 illius
1518 2188 1736 2252 generis

110 2257 267 2311 nobis
320 2255 608 2307 innotuere
669 2248 893 2320 species.
975 2249 1372 2318 Dichosporz‘um
1433 2254 1654 2309 difficile
1705 2279 1738 2312 a

116 2331 368 2395 Gonoplea
424 2324 500 2377 sic
553 2321 804 2374 restituta
861 2319 1224 2389 dignoscitur,
1282 2344 1410 2378 nam
1463 2328 1738 2398 peridium

112 2400 478 2473 plurimorum
515 2393 718 2446 eisdem
754 2391 998 2459 granulis
1043 2411 1085 2444 s.
1122 2395 1351 2449 conidiis
1389 2417 1740 2470 conspersum

115 2483 210 2526 est.
284 2468 522 2522 Catenae
574 2463 944 2535 sporidioi·um
988 2483 1181 2534 opacae
1227 2468 1603 2542 (nigricantes)
1646 2486 1740 2526 ant

115 2539 553 2612 semipellucidae
587 2546 815 2590 tantum.
881 2534 966 2588 Ad
1007 2535 1104 2588 has
1140 2550 1343 2612 spectat
1371 2541 1585 2598 MicheL
1624 2562 1741 2601 nov.

111 2603 233 2683 geu.
262 2623 305 2664 t.
340 2611 429 2668 91.
449 2609 506 2679 f.
544 2607 597 2662 6.

117 2701 167 2751 1.
266 2699 329 2749 Ο.
366 2710 598 2758 aureum,
651 2689 976 2771 caespitibus
1018 2689 1226 2755 densiS‚
1287 2693 1469 2764 primo
1522 2695 1739 2753 villosis

260 2763 422 2830 albis,
458 2762 584 2814 dein
616 2781 814 2828 aurem,
856 2761 1036 2815 floccis
1072 2762 1344 2817 fertilibus
1390 2765 1451 2817 in
1484 2767 1740 2824 articulos

265 2836 450 2889 ovales
488 2833 877 2888 secedentibUS.

182 2923 440 2973 Aspen-gntus
468 2934 512 2965 n.
539 2918 582 2961 5.
618 2919 754 2961 ΒΙίσῙι.
779 2932 883 2970 gen.
909 2933 958 2971 p.
987 2919 1089 2964 213.
1123 2929 1155 2964 t.
1184 2923 1315 2972 {ll-f.
1350 2920 1391 2966 5.
1414 2926 1574 2968 Mnem-
1597 2931 1736 2978 lepro-

232 2995 314 3026 sus,
356 2982 478 3025 Lina,
512 2980 634 3028 Spec,
680 2978 825 3016 Plcmt.
869 2980 912 3020 2.
942 2991 988 3030 p.
1026 2979 1150 3022 1656.
1219 2982 1514 3027 Trichoderma
1547 2990 1729 3028 dubium

691 3137 701 3161 1
