1887 3255
611 135 1104 195 AscoPHoRA.
1578 141 1690 196 309

62 279 350 354 Sed'aqua
381 283 572 338 adfusa
605 282 863 349 undique·
884 294 1035 334 motu
1060 280 1370 342 celerrimo,
1417 285 1571 351 quasi
1600 285 1688 338 νὶ-Ι

62 377 136 413 vo
156 386 182 399 -
202 357 426 409 mobilia
457 366 660 416 essent,
691 353 949 404 diffluunt
970 352 1210 423 sporidia
1244 352 1513 413 maxima,
1554 355 1690 420 hya-

63 430 212 496 lina,
272 426 689 499 pellucidissima
729 423 1067 491 (neutiquam
1111 423 1421 495 sporidiolis
1470 420 1688 488 sarcia),

65 501 229 569 idque
267 511 414 551 tanta
463 496 650 569 copia,
704 507 763 546 ut
807 513 914 546 non
957 494 1114 546 facile
1163 495 1525 566 intelligatur,
1584 517 1690 566 quo

20 627 25 631 ,
67 572 231 625 modo
269 570 508 624 vesicula
542 586 600 620 ea
635 584 826 638 capere
873 566 1125 634 potuerit.
1202 566 1354 618 Haec
1400 567 1524 619 dein
1567 570 1691 639 pul-

68 643 227 704 chro,
270 654 323 694 at
373 640 525 695 vario
576 638 768 691 ordine
842 637 984 688 circa
1032 638 1257 689 floccum
1303 651 1353 690 et
1394 639 1693 692 vesiculam

69 713 417 782 colliguntur.
474 738 538 751 —-
601 709 802 762 Totius
848 706 1058 759 ordinis
1104 710 1418 761 nobilissima
1470 712 1693 779 species,-

68 804 254 855 greges
290 785 582 835 floccorum
620 781 679 833 in
698 782 819 832 luce
853 778 1158 841 vibrantes,
1196 782 1412 833 tremuli
1443 793 1492 834 et
1515 784 1696 854 splen-

69 858 282 920 dentes,
319 854 495 925 optica
526 852 688 922 magia
719 861 1072 923 spectatorem
1109 850 1224 903 fere
1252 853 1535 908 fascinant.
1602 860 1697 906 In-

67 938 148 980 ter
199 925 439 978 corticem
492 924 771 980 coriarium
824 922 898 974 ad
949 922 1202 991 Ronm’by
1247 924 1561 992 Blekingiae
1606 926 1698 978 de-

68 997 210 1051 texit
245 995 560 1052 Lindblom.
603 999 683 1064 (v.
721 1000 789 1065 S.)

68 1084 123 1139 2.
208 1080 330 1134 PH·
369 1083 559 1147 nitens,
595 1080 827 1154 mycelio
878 1079 1056 1147 nullo,
1103 1080 1284 1132 floccis
1328 1079 1700 1137 decumbenti-

215 1152 338 1213 bus,
376 1153 633 1226 sporidiis
670 1151 1066 1204 ssavicantibus.

126 1242 235 1282 Ulva
266 1241 416 1284 nitens.
479 1245 573 1292 Ag.
604 1244 725 1292 Spec.
757 1241 874 1291 Alg.
900 1253 948 1292 p.
982 1236 1084 1282 415.
1116 1241 1232 1293 Syst.
1259 1240 1374 1292 Alg.
1401 1255 1452 1293 p.
1476 1240 1550 1286 46.
1579 1243 1715 1295 Phy...

187 1312 385 1353 comyces
411 1301 560 1345 nitens,
621 1299 818 1345 Kunz.l,
837 1312 871 1340 c.
905 1305 939 1343 t.
973 1298 1013 1337 2.
1033 1298 1083 1347 f.
1116 1298 1160 1343 9,
1188 1297 1299 1336 Lz'nk
1325 1303 1451 1351 Spec.
1484 1302 1527 1342 1.
1551 1315 1596 1353 p.
1626 1301 1699 1347 48,

215 1368 549 1423 Simillimus
580 1368 783 1440 priori3
819 1368 909 1419 sed
944 1366 1237 1439 mycelium
1290 1388 1402 1421 non
1444 1370 1703 1425 observa-

73 1452 207 1495 tum.
283 1441 465 1493 Flocci
498 1441 557 1492 in
578 1438 867 1509 caespitem
900 1437 1215 1490 intricatum
1240 1442 1500 1508 congesti,
1540 1445 1702 1513 paulo

75 1511 391 1574 crassiores,
448 1510 705 1569 olivacei,
767 1509 1273 1570 oleoso-nitentes,
1326 1511 1455 1564 sicci
1502 1514 1702 1568 arctius

74 1584 429 1646 collabentes,
466 1580 830 1635 subundula'ti.
899 1579 1158 1649 Sporidia
1196 1582 1429 1637 minora.
1496 1583 1702 1639 Neutra

73 1654 278 1725 species
309 1673 504 1724 aquam
541 1651 794 1706 resorbet.
865 1653 958 1705 Ad
994 1651 1165 1704 trabes
1213 1664 1263 1703 et
1292 1672 1460 1705 muros
1517 1655 1572 1706 in
1617 1656 1706 1722 of-

67 1726 248 1796 ficim's
285 1729 441 1782 Oleae
462 1727 518 1779 in
537 1723 838 1791 Finlandia‚
876 1722 1132 1781 Saxonia.
1172 1726 1247 1792 (v,
1282 1744 1324 1778 s·
1367 1744 1398 1779 a
1439 1726 1709 1782 Schubert

74 1797 252 1867 miss)

329 2105 426 2156 IV.
491 2096 988 2155 ASGOPHORA.
1054 2099 1215 2153 Tode
1256 2099 1462 2154 emend.

139 2219 410 2268 Ascophorae
425 2231 539 2270 spec.
570 2218 675 2265 Tod,
725 2219 985 2269 Ascophora.
1040 2220 1146 2263 Alb.
1187 2227 1229 2260 et
1264 2220 1470 2266 Schweim
1495 2246 1552 2256 -
1582 2222 1712 2266 Link.

190 2277 292 2317 diss.
324 2282 364 2321 1.
395 2293 444 2330 Ρ.
476 2278 549 2321 28.
596 2280 706 2317 Nees
747 2281 863 2332 Syst.
907 2293 958 2331 p.
1004 2278 1079 2326 83.
1141 2281 1272 2324 Grev.
1325 2282 1470 2335 Crypt.
1522 2284 1638 2322 Scot.
1680 2290 1715 2327 t,

204 2338 311 2381 269.
372 2336 563 2376 Mun-oris
593 2344 672 2381 etc.
697 2348 809 2386 spec.
848 2339 980 2377 Auct-

229 2418 463 2475 CHAR.
535 2419 720 2472 Flocci
745 2420 1010 2488 fistulosi,
1048 2421 1260 2493 septati,
1300 2421 1581 2473 terminati
1619 2441 1716 2474 ve-

85 2490 257 2543 sicula
291 2492 625 2545 subrotunda
667 2491 985 2562 (peridiolo)
1025 2495 1447 2557 collabescente,
1489 2494 1576 2544 cui
1629 2494 1716 2544 in-

86 2562 312 2614 haerent
345 2563 586 2636 sporidia
621 2564 795 2629 nuda,
835 2565 1201 2631 subrotunda,
1239 2564 1572 2634 adglutinata

233 2633 382 2687 obs.
460 2635 552 2688 Ex
588 2634 724 2687 meis
753 2635 1246 2699 observationibus,
1285 2656 1408 2687 cum
1435 2638 1550 2687 Cei.
1579 2637 1713 2690 Gre-

86 2705 246 2760 villei
297 2706 520 2759 omnino
581 2707 862 2773 congruis,
921 2712 1039 2764 Asc.
1087 2709 1315 2761 Macedo
1353 2703 1601 2777 proxime
1628 2748 1629 2751 η
1653 2711 1717 2762 ad

87 2777 488 2849 Phycomycen‚
526 2779 699 2847 quoad
724 2777 1216 2847 fructificationem,
1257 2779 1550 2833 accederet.
1618 2781 1719 2832 Vi·-

92 2849 270 2901 dimus
309 2848 456 2900 enim
491 2849 756 2902 vesiculas
792 2849 1037 2924 juniores
1075 2851 1455 2921 subglobosas,
1495 2853 1714 2904 omnino

91 2920 356 2989 integras,
405 2920 467 2972 in
514 2939 745 2989 quarum
809 2922 1089 2994 superficie
1135 2922 1379 2993 sporidia
1423 2933 1483 2974 ut
1527 2936 1722 2993 puncta

93 2990 324 3043 nitentia
385 3005 671 3063 apparent,
729 2993 856 3047 dein
903 2995 1079 3065 magis
1123 2992 1452 3057 liberantur,
1514 2996 1723 3049 clavam

181 3079 298 3120 Fries
325 3080 442 3133 Syst,
471 3081 600 3132 Myc.
631 3081 717 3126 111.
945 3069 948 3072 “
1321 3064 1376 3116 D
