1887 3255
616 122 1144 180 PERISPORIUM
1590 128 1698 182 249

266 270 308 338 †
336 265 723 338 Superficialia,
767 269 979 322 adnata.
1036 266 1354 341 Epiphylla.

75 358 132 409 l.
201 361 262 410 P.
304 354 658 422 gramineum,
715 353 1008 421 adnutum,
1060 351 1430 417 turbinatum,
1482 355 1699 411 demum

223 425 538 477 umbilicato
551 456 576 466 -
591 435 884 496 pertusum,
899 445 1143 496 opacum,
1172 445 1199 477 e
1211 436 1440 479 testaceo
1458 427 1696 498 nigrum.

221 527 293 537 -—-
335 498 494 552 Scler.
524 501 671 549 Suec.
711 514 824 548 ems,
858 515 913 547 n.
951 496 1079 551 368.

289 579 533 633 Omnino
575 579 944 651 superficiale,
1000 583 1092 634 sed
1146 584 1379 637 firmiter
1424 584 1698 651 adnatum,

81 651 341 722 rigidtun,
374 663 436 701 ut
473 649 686 712 folium,
720 651 808 703 cui
845 651 1176 721 innascitur,
1218 668 1362 708 tactu
1397 668 1697 727 exasperet.

79 722 329 792 Reliquis
367 721 566 773 melius
617 723 926 785 evolutum,
973 724 1099 776 licet
1139 740 1334 797 puncto
1373 746 1485 779 non
1523 726 1700 801 majus

80 795 169 860 sit,
196 794 507 861 frequenter
542 811 808 863 sparsum,
849 795 1003 846 nulla
1053 799 1266 849 macula
1303 800 1568 860 cinctum,
1605 801 1701 850 de-

78 885 231 918 mum
261 862 538 916 evidenter
568 876 863 934 pertusum,
897 866 1014 919 basi
1040 866 1405 924 solidiuscula.
1474 869 1701 923 Accedit

78 941 148 991 A.
178 941 233 989 S.
276 945 316 988 t.
361 934 447 986 10.
478 935 540 1005 f
587 934 671 990 5.!
744 935 967 990 Colores
1019 957 1047 990 e
1090 940 1408 992 flavescente
1444 939 1702 1011 fuscoque

77 1006 453 1077 nigrescentes.
509 1007 602 1060 Ad
613 1006 764 1078 folia
789 1009 1048 1062 emarcida
1065 1011 1220 1062 Holii
1250 1012 1424 1064 lanati
1440 1011 1702 1082 Jrequen-

77 1089 174 1142 ter,
202 1077 370 1147 primo
407 1096 540 1132 vere.
609 1091 680 1149 (v.
717 1078 803 1153 v.)

77 1178 131 1233 2.
186 1184 248 1233 P.
265 1176 554 1238 betulinum,
606 1175 879 1239 adnatum,
904 1176 1192 1229 rotundato
1209 1178 1581 1251 -adpressum,
1607 1186 1700 1238 de-

223 1268 375 1301 mum
406 1247 1070 1319 collapso-umbilicatum
1086 1285 1101 1309 ‚
1154 1267 1411 1320 opacum,
1452 1274 1481 1307 e
1514 1257 1700 1311 flavo-

219 1319 372 1373 fusco
395 1320 722 1389 nigrescens.
755 1351 825 1359 —
872 1323 1029 1372 Scler.
1069 1338 1177 1370 ατε.
1206 1339 1256 1377 n.
1290 1321 1418 1377 372.

136 1408 287 1450 Peziza
315 1407 515 1451 betulina.
600 1406 708 1448 Alb.
740 1412 780 1444 et
824 1405 1027 1449 Schwein.
1064 1419 1114 1458 p.
1149 1408 1252 1452 339.
1296 1412 1332 1453 t.
1365 1411 1435 1450 12.
1455 1412 1504 1463 f,
1539 1411 1582 1456 5,
1614 1424 1699 1455 non

205 1470 332 1512 hona,
384 1469 507 1508 Pers.
541 1465 662 1518 Myc,
689 1466 799 1507 Eur,
826 1477 877 1516 p.
917 1464 1020 1507 300.

251 1534 486 1588 Habitus
525 1533 623 1585 ille
662 1531 1020 1585 Pezizoideus
1064 1531 1168 1584 hoc
1199 1536 1349 1585 certe*
1377 1554 1490 1587 non
1523 1537 1697 1607 magis

79 1624 241 1676 quam
278 1612 426 1677 Ery&
458 1613 751 1673 guttatam,
796 1602 959 1654 etiam
997 1622 1119 1655 cum
1152 1602 1372 1657 Pezizis
1418 1625 1699 1679 compara-

77 1690 205 1743 tam,
246 1678 312 1729 ad
351 1696 438 1729 eas
476 1686 737 1729 removet.
851 1672 1092 1726 Omnino
1145 1672 1511 1745 superficiale,
1570 1678 1700 1731 licet

75 1747 308 1800 firmiter
346 1749 604 1800 adnatum
629 1745 853 1814 basique
891 1746 1372 1817 subapplanatum,
1408 1748 1538 1800 laxe
1573 1770 1698 1819 gre-

75 1818 319 1889 garium,
367 1820 503 1872 folio
559 1817 821 1869 exsiccato
853 1836 997 1868 nunc
1042 1817 1324 1870 immutato
1368 1839 1512 1871 nunc
1549 1821 1699 1872 deal-

79 1891 526 1943 bato-maculari
562 1888 820 1949 insidens,
847 1888 991 1939 haud
1026 1907 1157 1941 vero
1191 1907 1534 1959 exasperanS.
1592 1890 1699 1944 Co-

79 1961 214 2013 loris
253 1963 577 2014 mutationes
612 1971 673 2010 ut
711 1960 770 2011 in
808 1958 1096 2032 Erysiphe.
1154 1960 1248 2012 Ad
1261 1959 1411 2029 folia
1439 1964 1699 2014 emarcida

78 2034 297 2086 Betulae
315 2073 331 2096 ,
385 2034 562 2100 albae,
594 2032 718 2084 locis
752 2029 965 2101 tuffosz's
1002 2029 1212 2099 apriciS,
1242 2031 1413 2099 primo
1435 2050 1550 2083 vere
1569 2032 1699 2102 fre·-

76 2120 270 2171 quen&
315 2105 395 2169 (v.
435 2108 518 2172 v.)

76 2203 130 2256 3.
202 2204 269 2256 Ρ.
299 2201 488 2263 Iridis,
527 2200 878 2273 superficiale,
903 2199 1203 2272 globulare,
1233 2199 1540 2264 minimum,
1572 2218 1700 2274 opa-

217 2291 352 2340 cum,
390 2292 419 2325 e
447 2272 794 2327 flavo-fusco
827 2272 1065 2343 nigrum.
1392 2296 1405 2304 ·

133 2358 388 2403 Sclerotium
413 2358 553 2403 hidis.
614 2359 816 2404 Schwein,
830 2358 847 2398 Ι
873 2358 919 2398 in
954 2358 1040 2404 litt,
1607 2406 1611 2410 .

217 2426 415 2482 Colore
431 2427 891 2501 praecedentium,
922 2429 1015 2480 sed
1043 2428 1351 2497 minimum,
1378 2431 1696 2488 confertum,

61 2499 389 2571 glebulam,
427 2500 528 2556 vix
561 2500 808 2554 distincte
847 2500 1162 2572 collapsum.
1242 2500 1524 2555 Internam
1552 2516 1698 2556 stru-

76 2582 288 2626 cturam
334 2573 568 2626 lustrare
605 2591 718 2625 non
766 2569 1007 2640 contigit.
1122 2577 1190 2624 In
1218 2571 1380 2642 foliis
1418 2574 1699 2627 exsiccatis

75 2638 382 2705 Ιὼίᾱεαηιηι,
419 2643 692 2698 Americae
725 2642 1148 2710 septentrionalis,
1182 2662 1311 2700 vere.
1346 2645 1423 2711 (v.
1440 2646 1527 2716 s.)

74 2739 128 2795 4.
200 2745 269 2794 P.
289 2738 574 2808 fagineum
593 2778 607 2803 ‚
653 2736 1021 2810 superficiale,
1076 2738 1362 2808 globosum
1391 2754 1697 2810 ovatumve,

218 2811 464 2883 spadiceo
479 2839 505 2852 -
518 2811 727 2882 pallens
730 2848 746 2872 ,
788 2808 1040 2861 nitidum.

278 2894 685 2965 Perpusili-um,
743 2893 835 2945 sed
883 2893 1071 2945 colore.
1100 2904 1152 2945 et
1187 2894 1367 2949 nitore
1394 2899 1522 2953 satis
1565 2902 1701 2954 emi-

75 2982 239 3030 nens,
275 2985 375 3019 nec
402 2985 514 3018 non
568 2964 676 3018 situ
725 2964 982 3023 conserto.
1073 2963 1263 3019 Refert
1313 2968 1601 3039 glandulas
1640 2974 1700 3026 in

1357 3038 1409 3092 R
