1887 3255
125 101 232 156 38⁰
639 182 643 194 ⁴
702 109 1172 168 nau-ommes.

132 266 349 321 semper
381 250 443 304 in
481 248 711 305 diversis
753 253 1077 307 sectionibus
1117 250 1470 312 collocarunt.
1544 257 1629 307 D.>
1658 253 1757 306 ἰηι-

127 339 383 388 pressum3
449 322 726 395 prioribus
785 325 1248 399 subjungendum,
1337 335 1416 376 est
1462 324 1759 396 mycelium

134 393 323 447 sterile
361 393 633 464 sequentis
667 394 852 449 seriei.
895 428 966 436 —-
1020 396 1319 450 Dematz'um
1367 395 1646 447 violaceum
1691 396 1755 450 P.

136 476 217 517 est
247 478 415 519 status
452 465 751 538 primarius
788 469 1031 537 Theleph.
1061 468 1321 521 caeruleae
1346 465 1433 521 El.
1470 465 1650 535 Fung.
1685 489 1756 508 ’-

133 535 228 589 Ad
266 539 439 608 Algas
463 536 651 609 ‘potius
687 539 962 610 pertinent
1009 544 1077 593 D.
1114 558 1321 590 aureum
1363 549 1415 590 et
1478 538 1758 591 abietinum

134 606 202 662 P.
232 640 302 650 —
341 614 551 663 Demut.
590 629 799 663 aureum
827 611 1046 667 Schum.
1075 630 1179 663 non
1209 622 1287 662 est
1316 609 1624 669 Persoonii‚
1664 611 1759 663 sed

135 678 437 736 Ozonium.
477 712 549 723 --
591 681 649 734 Ε
682 682 961 755 speciebus
1007 682 1166 736 novis
1202 681 1263 733 in
1300 679 1534 754 Synops.
1575 681 1756 752 Fung-

136 748 264 806 Gar.
300 763 515 806 tantum
566 753 633 806 ab
677 753 781 817 hac
825 773 991 825 grege
1045 752 1249 806 recedit
1305 758 1453 807 Dem.
1508 758 1562 804 V
1565 753 1759 804 inosum

135 820 448 893 Schwein.‚
497 824 641 895 quod
685 824 1121 898 Sporotrichutm
1152 856 1223 865 ——
1273 823 1528 877 Dematia
1572 825 1763 878 Linkii

135 893 300 968 hujus
342 896 452 951 loci
493 916 605 951 non
648 909 775 950 sunt
828 909 880 950 et
920 908 1132 950 tantum
1161 907 1239 948 ·ut
1281 896 1509 967 mycelia
1548 897 1760 949 sterilia

137 968 562 1035 consideranda;
592 969 792 1023 melior
827 988 954 1042 pars
988 969 1055 1022 ad
1103 966 1161 1019 H
1204 978 1597 1039 menomycetes
1635 988 1762 1039 per-

139 1038 290 1092 tinet.
333 1071 399 1082 --
442 1035 617 1111 Byssi'
642 1061 685 1096 s,
720 1048 1107 1097 Geratonemata
1143 988 1296 1092 goth
1341 1038 1446 1092 hoc
1489 1039 1606 1091 loco
1649 1059 1761 1092 non

136 1123 357 1186 recepta
392 1113 493 1168 sub
534 1113 788 1169 Anthina
824 1113 1186 1189 explicantur.

768 1428 809 1485 ρ
831 1429 870 1469 R
892 1431 932 1470 D
958 1429 997 1472 Ο
1059 1428 1143 1474 IV.

644 1513 707 1568 M
729 1513 781 1570 U
805 1513 849 1568 G
869 1515 916 1569 E
941 1515 997 1569 D
1020 1514 1049 1569 Ι
1065 1515 1115 1569 N
1137 1512 1184 1567 E
1209 1509 1270 1569 S.

203 1625 317 1664 Nees
345 1625 457 1681 Syn.
489 1641 542 1683 p.
586 1627 663 1679 42,
718 1633 838 1687 Syn,
870 1631 992 1692 Hya„
1029 1632 1076 1676 1.
1110 1642 1160 1683 p.
1191 1627 1379 1671 XLIII.
1424 1622 1596 1668 inclusis
1631 1625 1769 1677 sepe--

258 1684 441 1734 donieis,

290 1766 525 1825 CHAR.
604 1771 855 1844 Sporidia
918 1783 1037 1825 orta
1095 1762 1241 1823 inter
1283 1769 1488 1821 floccos
1529 1786 1558 1819 e
1594 1785 1767 1819 mema·

148 1835 319 1891 brana
354 1840 763 1914 simplicissima
793 1844 990 1904 factos,
1022 1843 1319 1906 montosus,
1367 1849 1616 1910 septenos,
1650 1839 1770 1910 pel-

94 1945 96 1947 -
148 1906 388 1975 lucidos,
424 1913 669 1986 inspersa
703 1927 794 1968 aut
830 1914 1071 1968 seriatim
1106 1922 1475 1975 concatenata„

293 2024 467 2084 Obs.
534 2028 625 2081 De
668 2029 866 2083 intimo
903 2047 1055 2082 nexu
1097 2046 1219 2079 cum
1266 2022 1570 2078 Dematieis
1616 2033 1668 2075 et
1705 2021 1771 2074 de

150 2094 461 2151 differentia
518 2101 584 2153 ab
651 2100 848 2154 iisdem
905 2119 1064 2172 supra
1136 2097 1245 2173 jam
1296 2096 1666 2149 disseruimus.
1703 2124 1773 2135 --

151 2165 343 2235 Quoad
367 2172 763 2241 vegetationem
798 2192 932 2227 vero
965 2174 1122 2241 longe
1157 2167 1418 2236 majorem
1456 2168 1771 2218 affinitatem

150 2237 354 2293 habent
413 2262 536 2296 cum
595 2244 1211 2314 llflitcorinis„quorum
1261 2239 1415 2291 flocci
1475 2237 1680 2308 pariter
1740 2252 1770 2285 e

152 2313 471 2366 membrana
535 2314 943 2388 simplicissima
1008 2313 1136 2366 facti
1203 2322 1255 2362 et
1327 2306 1562 2361 tubulosi
1627 2316 1770 2358 sunt.

152 2380 353 2435 Priora
389 2385 742 2440 Mucedinum
790 2403 1013 2458 genera,
1063 2381 1320 2457 sporidiis
1367 2379 1546 2450 primo
1582 2377 1771 2459 ‘inclu-

153 2452 253 2515 SiSs
297 2455 363 2506 ad
403 2458 613 2512 eosdem
654 2461 954 2511 luculenter
1004 2457 1198 2509 abeunt
1212 2473 1227 2518 3
1274 2451 1370 2514 Aser]
1421 2449 1769 2521 peritholum,

154 2523 203 2575 si
247 2545 461 2597 sporam
496 2529 572 2581 ita
610 2531 779 2589 dicas,
816 2530 1048 2582 liberum
1081 2527 1245 2594 vulgo
1277 2534 1355 2574 est
1394 2537 1445 2572 et
1474 2534 1580 2573 tam
1615 2519 1773 2588 fuga-

154 2594 462 2662 cissimum,
493 2614 552 2653 ut
590 2603 826 2673 practico
860 2601 960 2653 fini
997 2601 1142 2653 idem
1194 2594 1462 2665 respicere
1495 2611 1607 2643 non
1645 2610 1774 2671 con-

155 2668 359 2724 veniat.
435 2672 675 2727 Tentavi
714 2694 784 2726 ex
820 2671 1050 2725 historia
1086 2669 1300 2721 diversa
1333 2663 1646 2716 Mucorinos
1687 2680 1775 2711 ln-

159 2749 245 2790 ter
300 2745 596 2797 Dematz'eos
650 2757 702 2797 et
758 2745 1063 2796 Mucedines
1109 2739 1432 2809 dispescere,
1495 2753 1596 2803 quo
1645 2749 1778 2811 vero

162 2809 307 2862 facto
367 2815 703 2869 characteres
758 2812 1082 2886 carpologici
1134 2810 1509 2863 obliterantur.
1594 2801 1782 2854 Aham

165 2883 564 3005 exposlitionem
593 2888 654 2943 in
697 2887 1096 2943 variationibus
1143 2878 1464 2954 Systematis
1503 2874 1569 2927 ad
1612 2875 1779 2925 finem

167 2965 327 3024 protu
353 2955 390 3010 i.
