1887 3255
690 115 735 167 V
746 113 1188 170 OLUTELLA.
1624 113 1730 165 467

264 261 415 314 obs.
484 259 720 330 Reperta
765 258 982 309 tandem
1032 256 1290 309 Volutelln
1334 255 1538 306 volvam
1583 253 1727 310 Tod.

120 331 283 384 etiam
333 333 435 385 hoc
472 349 640 400 genus
699 329 923 380 dubium
972 327 1117 387 (cfr.
1157 326 1212 380 S.
1253 325 1327 380 M.
1371 329 1432 381 ΙΙ.
1474 347 1522 397 p.
1580 328 1726 395 173.)

118 405 404 456 restituere
444 403 601 454 nobis
634 401 872 467 contigit.
941 399 1320 450 Tuberculariis
1353 417 1518 468 prope
1545 396 1726 464 asline,

118 475 294 526 forma
322 494 453 528 vero
492 470 808 541 elegantiori
843 482 890 520 et
912 471 1166 540 sporidiis
1192 469 1410 539 septatis
1432 469 1725 520 diversum.

120 545 278 614 Quod
335 547 399 597 ad
460 545 654 596 horum
695 543 931 593 sormam
982 542 1193 599 attinet,
1237 560 1353 592 eam
1394 540 1534 591 haud
1572 540 1725 591 abso-

117 617 231 668 lute
282 627 612 668 constantem
655 633 768 665 esse
823 632 1039 662 monere
1079 632 1292 663 necesse
1325 625 1430 677 θείς
1486 610 1724 663 vidimus

120 686 540 740 Tubercularias
588 685 843 754 sporidiis
893 683 1195 752 oblongatis
1244 696 1294 733 et
1348 683 1403 734 in
1453 682 1724 753 plerisque

117 759 400 828 generibus
443 756 711 829 sporidil'.=;⁸
738 755 1111 806 susisormibus
1155 773 1182 804 a
1220 754 1448 805 conidiis
1490 753 1725 822 globosis

116 830 416 901 incipiunt,
466 829 520 879 id
567 829 705 897 quod
750 832 801 877 in
836 846 1034 893 genere
1072 838 1353 894 sequente,
1404 826 1727 894 Myrothecio

118 913 213 953 etc.
254 899 555 952 evidentius
592 902 665 952 fit.
739 901 792 950 A
824 898 1051 950 Fas-ariis
1071 897 1219 948 omni
1257 910 1500 966 respectu
1524 897 1723 962 differt,

43 974 47 977 ’
116 971 336 1023 omnino
380 984 438 1021 ut
490 971 691 1023 Ditiola
726 974 777 1021 ‘a
825 976 1207 1039 Dacrymycetc’,
1293 968 1589 1020 Volutellis
1648 983 1727 1020 est

115 1045 510 1114 receptaculum
562 1062 730 1094 verum
775 1042 1063 1094 discretum
1113 1039 1530 1091 determinatum
1579 1059 1727 1091 mar..-

115 1113 362 1183 ginatum
398 1116 780 1186 subcupulare,
828 1114 970 1164 unde
1015 1111 1230 1162 habitus
1279 1110 1540 1174 Pezizae3
1599 1112 1725 1162 nul-

114 1187 232 1238 lum
291 1205 416 1238 vero
470 1186 740 1252 Fusariis,
803 1197 1012 1236 tantum
1073 1183 1395 1252 quibusdam
1448 1183 1725 1254 speciebus

114 1257 366 1325 (minime
403 1259 716 1325 omnibusl)
752 1273 952 1309 stroma
996 1255 1263 1325 quoddam
1285 1253 1548 1312 innatum,
1587 1274 1725 1324 vage

116 1348 438 1400 expansum,
489 1328 993 1393 indeterminatum,
1050 1346 1076 1378 e
1121 1326 1336 1377 residuo
1383 1326 1726 1378 conidiorum

113 1401 332 1466 factum,
364 1402 503 1468 quod
536 1401 595 1452 in
626 1401 991 1452 characterem
1029 1397 1341 1467 genericum
1376 1396 1591 1467 ingredi
1618 1418 1729 1450 non

115 1473 282 1524 debet.
362 1471 580 1542 Species
626 1472 760 1523 mihi
813 1471 1169 1522 innotuerunt
1220 1469 1429 1539 plures,
1488 1470 1581 1522 sed
1629 1489 1727 1542 pro

110 1562 263 1595 more
310 1562 506 1613 paucos
539 1556 746 1594 tantum
784 1555 940 1615 typos
972 1540 1279 1592 notissimos
1317 1540 1534 1596 notabo,

112 1659 162 1710 l.
261 1661 329 1708 V.
376 1657 605 1720 volvam,
653 1654 917 1725 stipitata,
981 1671 1050 1703 ex
1096 1650 1279 1702 albido
1331 1651 1512 1716 fulva,
1578 1653 1726 1706 disco

253 1727 492 1796 undique
527 1727 655 1799 pilis
691 1727 1002 1779 intertexto.
1076 1723 1205 1776 Tod.
1248 1724 1280 1776 l.
1319 1743 1362 1777 c.
1391 1735 1429 1778 t.
1464 1724 1599 1795 5.f.
1637 1727 1725 1780 43.

257 1822 465 1877 Ceteris
520 1820 691 1890 magis
754 1820 996 1878 evoluta,
1058 1819 1315 1882 liberata,
1394 1824 1727 1895 receptaculo

112 1897 275 1968 plano
317 1926 342 1937 -
381 1894 645 1965 copularis
705 1889 1001 1944 orbiculari
1072 1891 1475 1962 (pezizoideo),
1566 1896 1726 1950 deor-

114 1987 235 2019 sum
270 1967 329 2018 in
368 1965 604 2037 stipitem
652 1963 794 2015 intra
835 1960 1115 2013 matricem
1167 1963 1289 2033 plus
1326 1964 1497 2017 minus
1534 1967 1726 2019 delite-

114 2052 350 2091 scentem
425 2037 700 2108 productO.
797 2033 1180 2104 Sporidiorum
1233 2048 1462 2088 stratum
1518 2038 1726 2092 discum

112 2108 347 2161 Pezizae
380 2110 574 2167 refert,
614 2108 703 2159 sed
750 2106 926 2175 primo
962 2104 1198 2172 undique
1225 2106 1350 2177 pilis
1373 2120 1568 2161 tectum
1606 2115 1726 2175 (ve-

115 2181 227 2232 lum
268 2181 455 2247 Tod.)‚
500 2180 627 2230 dein
664 2179 869 2229 nudum
910 2176 1230 2244 tandemque
1281 2179 1537 2248 sporidiis
1581 2200 1727 2233 sece-

114 2251 364 2304 dentibus
400 2251 693 2322 disparens.
767 2250 941 2301 Totus
980 2247 1245 2316 fungillus
1281 2251 1475 2302 lineam
1505 2252 1603 2303 vix
1634 2273 1725 2305 su-

113 2335 284 2395 perat.
392 2324 484 2376 Ad
536 2323 757 2374 ramulos
830 2320 1120 2372 exsiccatos
1188 2323 1412 2391 dejectos
1468 2336 1724 2384 autumno,

113 2399 190 2463 (v.
221 2395 301 2465 v.)

111 2506 165 2559 2.
259 2511 329 2560 V.
378 2506 582 2566 cilinia,
637 2503 1004 2575 substipitata,
1067 2526 1137 2559 ex
1190 2508 1371 2561 albido
1427 2530 1611 2577 rosea,
1661 2513 1723 2566 in

258 2577 465 2628 ambitu
497 2576 626 2647 pilis
669 2578 858 2628 erectis
895 2576 1093 2630 ciliata.

172 2679 399 2721 Tuben-cul.
431 2679 583 2721 einata.
645 2680 751 2722 Alb.
783 2686 822 2717 et
851 2675 1051 2722 Schwein.
1087 2682 1235 2732 consp.
1274 2695 1322 2732 Ρ.
1357 2681 1428 2724 68.
1460 2691 1488 2724 t.
1521 2685 1563 2729 5.
1586 2688 1634 2737 f,
1675 2689 1720 2733 6,

227 2738 329 2778 Dec.
363 2739 438 2779 Fr.
465 2735 504 2777 6.
534 2751 585 2788 p.
612 2741 710 2780 110,
740 2750 796 2776 ex
825 2749 937 2785 spec.
967 2736 1146 2781 cham!
1208 2740 1452 2787 Atractium,
1491 2743 1601 2783 Link
1619 2746 1719 2793 obs,

226 2795 285 2837 11.
323 2807 368 2843 p.
406 2796 479 2840 32,
536 2796 771 2840 Fusarium.
827 2798 950 2847 Sper-3
982 2799 1022 2835 2.
1047 2810 1096 2848 p.
1134 2798 1231 2843 105,

249 2888 607 2941 Praecedenti
641 2909 899 2960 perquam
942 2892 1151 2961 affinis,
1199 2893 1288 2944 sed
1332 2894 1508 2949 discus
1545 2903 1720 2970 magis

111 2959 398 3030 capitatus,
450 2961 590 3012 circa
645 2962 943 3030 marginem
998 2963 1122 3034 pilis
1175 2964 1353 3017 densis
1395 2971 1584 3023 erectis
1627 2993 1717 3029 aut
