1887 3255
671 156 1106 214 PHYSARUM
1596 165 1704 222 1⁴7

71 302 395 357 commutari
420 313 625 373 posset,
654 302 746 354 sed
777 303 875 353 sub
912 300 1270 371 microscopio
1306 317 1564 371 apparent
1608 307 1703 357 ad-

71 375 296 429 modum
322 373 547 446 copiosi,
574 373 784 437 tenelli,
814 371 1064 443 implexi,
1095 372 1339 424 laxiores
1367 392 1526 440 quam
1553 377 1702 445 prio-

71 446 170 500 ris.
255 445 513 517 Sporidia
548 444 792 515 globosa.
871 443 1025 495 ldem
1081 456 1159 495 est
1214 447 1474 513 Strongyl.
1525 448 1701 498 minus.

74 516 268 591 Symb.
308 518 456 572 Gast.
494 537 547 588 p.
584 519 637 569 7.
701 515 795 569 Ad
826 515 972 581 ligna
1002 526 1231 568 recenter
1265 524 1494 567 emortua
1525 518 1703 586 pinea,

74 601 332 641 autumno,
410 595 487 655 (v.
529 592 609 658 v.)

75 673 164 727 41.
241 674 337 727 Ph.
375 672 577 737 album,
617 669 846 743 peridiis
882 670 1191 722 tenerrimis
1227 672 1709 725 subrotundo-de-

218 742 420 815 pressis
447 742 693 795 laevibus
718 741 932 806 albidis,
959 741 1138 794 floccis
1171 744 1311 796 raris
1337 743 1548 796 tenellis
1581 763 1706 816 spo-

221 813 486 883 ridiisque
524 813 700 884 nigris
742 813 908 865 laxis.

133 904 260 942 Licea
288 905 396 948 alba,
457 904 533 946 Fr,
568 904 678 941 Nees
707 900 752 938 in
771 903 916 940 Kunz.
945 902 1064 954 Myc,
1086 901 1212 951 qut.
1236 902 1280 942 2.
1304 914 1354 952 p.
1380 899 1471 942 66!
1501 904 1710 954 Lycogala

194 962 367 1000 minuta.
399 962 525 1003 Grev.
564 963 633 1004 Cr,
660 962 774 998 Scot.
810 966 843 1004 i,
872 955 975 1001 40.!

249 1031 349 1083 Est
381 1051 409 1083 e
438 1030 762 1096 minoribus,
799 1029 1004 1081 lineam
1036 1030 1139 1083 vix
1178 1030 1410 1099 attingit,
1450 1029 1592 1080 haud
1620 1048 1708 1081 su-

77 1117 250 1177 perat,
289 1102 486 1156 leviter
524 1122 848 1166 convexum,
882 1122 1026 1153 nunc
1060 1103 1386 1167 rotundum,
1422 1121 1564 1152 nunc
1603 1101 1708 1152 dis-

78 1178 283 1238 forme,
327 1175 627 1244 oblongum
674 1175 710 1226 l.
764 1173 1091 1236 renisorme‚
1143 1173 1372 1226 subinde
1419 1173 1709 1226 confluens.

79 1248 362 1301 Peridium
389 1247 682 1298 admodum
713 1260 873 1297 tenue
899 1257 950 1296 et
976 1244 1510 1297 lacero-dehiscens.
1571 1242 1710 1314 Spo-

82 1319 228 1372 ridia
271 1317 518 1389 copiosa,
564 1318 717 1379 laxa,
768 1329 954 1378 ovata,
1011 1316 1306 1368 intertexta
1332 1314 1510 1367 floccis
1550 1315 1710 1374 raris,

80 1391 228 1442 haud
274 1388 565 1460 implexis,
620 1389 736 1439 fere
789 1387 982 1448 nullis,
1034 1388 1162 1439 hinc
1204 1388 1417 1439 Liceam
1456 1386 1713 1438 inventor

83 1461 242 1514 dixit.
315 1462 407 1512 Ad
438 1479 624 1520 ramos,
654 1460 881 1522 cortices,
910 1459 1049 1525 folia
1087 1470 1183 1510 etc.
1209 1469 1464 1510 autumno,
1522 1460 1596 1526 (v.
1631 1460 1710 1527 v.)

81 1546 172 1602 42.
253 1546 352 1599 Ph.
387 1544 638 1609 (mesiam,
682 1543 906 1614 peridiis
941 1543 1192 1596 tenuibus
1239 1544 1716 1596 subrotundo·de-

227 1615 432 1688 pressis
462 1615 712 1668 laevibus
759 1614 1255 1682 cinereo—caesiis,
1295 1614 1475 1667 floccis
1525 1614 1714 1680 nullis,

228 1686 487 1759 sporidiis
543 1686 695 1740 atris.

141 1775 269 1815 Licea
299 1773 447 1813 caesia.
495 1771 697 1817 Senum!
724 1769 860 1814 Saell.
889 1773 932 1816 2,
956 1785 1008 1824 p.
1053 1774 1156 1815 219.

261 1841 604 1897 varietatem
650 1840 813 1892 facile
876 1840 1153 1891 crederem
1199 1839 1435 1911 prioris,
1495 1842 1599 1893 nisi
1651 1863 1718 1894 ex

84 1915 346 1969 Auctoris
402 1911 660 1964 herbario
704 1909 981 1962 multoties
1024 1910 1199 1983 majus
1255 1931 1368 1963 esse
1438 1925 1488 1964 et
1540 1913 1720 1966 forma

88 1988 369 2040 diversum
397 1985 613 2035 edoctus
639 1982 881 2036 fuissem.
943 1981 1229 2034 Peridium
1257 2001 1466 2051 quoque
1507 1986 1719 2037 firmius

86 2058 340 2123 videtur,
390 2054 541 2126 apice
595 2054 798 2106 rimose
852 2052 1093 2105 dehiscit.
1189 2059 1255 2105 In
1297 2060 1440 2104 caule
1483 2068 1720 2113 emortuo.

91 2130 285 2184 Gardui
319 2128 447 2194 legit
492 2125 872 2189 Schumacher‚
911 2136 1150 2177 autumno
1206 2128 1283 2192 (v.
1323 2124 1415 2196 ic.)

87 2213 175 2266 43.
213 2214 312 2268 Ph.
338 2223 524 2274 atrum,
554 2210 1182 2282 stipato—aggregatum,
1211 2212 1503 2271 confluens,
1524 2226 1720 2276 atrum,

231 2283 459 2357 peridiis
485 2282 797 2335 tenerrimis
825 2281 1148 2346 rotundatis,
1172 2282 1352 2335 floccis
1374 2283 1561 2350 mstis,
1597 2305 1722 2359 spo-

233 2355 393 2409 ridiis
426 2354 575 2408 atriS.

147 2447 357 2498 Lycogala
387 2451 475 2482 atra
495 2438 650 2488 Pers..'
683 2440 795 2486 inea,
834 2453 918 2481 non
949 2441 1010 2484 A.
1044 2443 1091 2483 S.

263 2514 490 2569 Peridia
519 2512 639 2566 basi
673 2514 837 2584 plana
870 2513 1098 2580 adnata,
1139 2516 1458 2583 rotundata,
1501 2519 1566 2569 ad
1611 2539 1726 2571 me-

96 2588 249 2642 dium
296 2598 550 2648 connata,
600 2605 757 2657 saepe
793 2584 924 2637 adeo
963 2584 1186 2657 stipata,
1229 2600 1289 2639 ut
1328 2601 1562 2640 crustam
1600 2609 1727 2642 con-

95 2661 303 2731 tiguam
339 2657 546 2719 sistant,
592 2656 798 2711 lineam
834 2656 974 2717 lata,
1014 2669 1064 2708 et
1100 2670 1160 2710 ut
1193 2660 1430 2729 sporidia
1467 2660 1727 2730 copiosis-

97 2731 266 2792 sima,
298 2729 550 2791 rotunda,
581 2730 748 2794 laxa,
796 2747 961 2797 opaca
1006 2741 1141 2782 atra.
1205 2729 1596 2800 lrregulariter
1637 2734 1729 2785 de-

95 2803 329 2855 hiscens.
406 2799 631 2853 Floccos
697 2799 881 2852 nullos
929 2799 1028 2851 sub
1073 2800 1431 2872 microscopio
1485 2802 1732 2873 detegere

97 2873 266 2945 potui.
348 2872 442 2925 Ad
488 2883 694 2926 truncos
745 2881 962 2922 vetustos
1017 2871 1074 2921 in
1128 2877 1189 2923 V
1183 2873 1363 2940 agesis,
1457 2871 1732 2945 Mougeot.

101 2946 185 3015 (v·
226 2944 300 3015 s·)

1340 3113 1397 3168 K
1427 3114 1465 3167 2
