1887 3255
617 133 1113 205 Asconio-M.
1580 151 1691 205 311

209 291 368 346 obs.
410 291 461 345 l.
535 292 676 344 Ante
710 289 890 340 oculos
926 288 1098 341 habeo
1137 287 1427 359 specimina
1454 292 1694 344 recentia

63 365 124 418 in
179 362 328 431 ligno
379 380 504 414 raso
574 370 915 431 putrescente
977 360 1334 428 Gaesalpim‘ae
1396 361 1697 430 echinome,

66 434 380 500 submerso,
429 434 481 484 in
516 433 621 484 olla
660 430 933 498 neglecto,
966 445 1139 484 enata.
1177 458 1193 461 ⁴·
1219 430 1462 484 Tantum
1486 431 1544 482 in
1579 433 1699 486 luce

63 507 325 576 lignoque
358 522 568 556 emerso
610 500 1087 554 fructificationem
1129 502 1237 554 edit
1283 502 1696 556 densissimum-

30 586 170 648 .'que
222 575 673 646 conidiophorum
728 573 1049 644 myceiium,
1104 575 1282 625 colore
1340 574 1697 642 aeruginoso..

66 650 286 720 g!auco;
332 647 471 716 quod
517 664 614 715 pro
661 644 994 712 Sporotricleo
1035 664 1140 697 non
1186 659 1334 714 potes
1374 666 1480 698 non
1531 664 1697 714 agno-

68 740 235 774 scere.
310 717 653 782 Profundiusv
698 715 843 766 inter
890 715 1090 783 lignum
1143 735 1363 787 serpens
1411 718 1692 780 lanosum,

68 793 284 856 album,
327 790 550 847 Jaxum,
597 787 792 854 absque
831 785 1092 845 conidiis,
1143 790 1433 840 Racodium
1479 810 1521 843 s.
1577 793 1696 858 Hy-

66 864 224 932 pham
270 861 578 913 Auctorum
631 857 790 910 sistit,
868 861 931 908 I'n
971 858 1229 910 lateribus
1283 860 1429 911 vasis
1474 861 1695 914 omnino

67 946 128 986 ut
163 932 571 1000 Byssoclade'um-
595 947 897 1001 expansum
937 941 1048 995 est3
1084 941 1133 981 et
1179 932 1517 984 examinanti
1556 931 1697 984 mihi

67 1005 166 1058 sub
216 1002 573 1072 miqroscopio
616 1022 684 1052 ne
725 1000 1006 1054 levissima
1046 1000 1264 1069 quidem
1314 1002 1621 1055 differentia
1662 1022 1726 1056 a·

65 1076 294 1145 Byssocl.
324 1073 606 1141 fenestrula·
630 1093 685 1125 se
723 1073 978 1144 prodidit.
1055 1072 1306 1142 Denique
1329 1072 1387 1125 in
1410 1073 1527 1145 ipsa
1558 1094 1715 1144 aqua)

106 1145 371 1217 orrigitur
423 1146 486 1197 ad
531 1144 972 1217 Hygrocrocem,
1016 1142 1390 1216 Leptomitum
1447 1165 1492 1200 e.
1552 1166 1594 1200 s,
1643 1167 1693 1216 p.

64 1166 218 1270 {laec
256 1229 466 1268 tantum
505 1217 785 1288 prodromi
817 1215 992 1267 instar
1028 1217 1092 1268 ad
1131 1217 1416 1287 stupenda,
1454 1236 1589 1286 quae
1629 1220 1694 1271 de

62 1288 345 1362 morphosi
411 1300 461 1340 et
523 1287 914 1360 anamorphosi
978 1287 1322 1340 Mucedinum
1387 1290 1693 1342 enarranda

62 1373 204 1416 sunt.

214 1502 367 1558 obs.
406 1502 458 1554 2.
532 1499 666 1554 Sive
711 1499 1039 1571 peridiolum
1094 1499 1387 1570 primarie,
1449 1500 1567 1555 sive
1608 1521 1692 1555 se-

66 1573 327 1626 cundarie
390 1583 730 1644 ectosporum
776 1590 1020 1636 censeas,
1069 1570 1360 1622 transitum
1404 1574 1693 1625 naturalis-

65 1646 262 1709 simum
311 1644 455 1696 inter
521 1642 829 1695 mucorinas
881 1661 1273 1715 gymnosporas
1319 1643 1692 1715 (hymeninas)

67 1728 119 1768 et
154 1716 506 1786 angiosporas
533 1715 691 1769 sistit.
768 1719 1034 1766 Memorem
1062 1714 1290 1766 roridum
1324 1716 1462 1767 Bolt.
1484 1753 1501 1782 ‚
1531 1717 1693 1786 vulgo

67 1788 134 1840 ad
172 1789 452 1842 Pilobolum
485 1788 714 1838 roridum
748 1786 990 1846 citatum,
1040 1806 1138 1858 pro
1172 1786 1484 1857 Ascophora
1514 1789 1693 1859 potius

60 1859 374 1911 habendam
407 1871 586 1911 censet
617 1857 812 1912 Link..
852 1858 1169 1928 Analugum
1208 1869 1286 1909 est
1328 1857 1390 1910 in
1437 1872 1695 1928 sequente

66 1931 443 1984 subdivisione
487 1931 854 1997 Cephaleuros,
903 1928 960 1980 in
1004 1948 1108 1997 quo
1164 1928 1435 1998 sporidia,
1480 1930 1592 2004 jam
1636 1932 1697 1983 in

65 2002 390 2073 Ascophora
436 2001 729 2071 sporidiola
778 2001 1103 2067 offerentia,
1145 1999 1205 2052 in
1251 2001 1518 2071 peridiola
1561 2022 1695 2055 vera

67 2074 287 2126 abeunt.
356 2072 564 2125 Eadem
593 2072 708 2124 fere
759 2083 834 2124 est
882 2071 1022 2124 ratio
1063 2073 1356 2142 Aerophyti
1389 2074 1529 2126 inter
1568 2072 1695 2126 Mu-

67 2145 283 2197 corinos
331 2146 738 2216 pleurocarpos.
837 2142 1090 2195 Tandem
1143 2156 1296 2195 extra
1350 2144 1695 2199 Mucorinam

65 2215 340 2269 familiam
379 2216 676 2284 Aspergillo
708 2234 964 2287 perquam
1003 2215 1163 2267 affine
1186 2216 1296 2271 'est.
1524 2271 1526 2278 k

184 2319 388 2369 Reliquae
413 2315 806 2359 ASGOPHORAE
840 2317 982 2359 'rodei
1017 2320 1088 2357 vel
1128 2318 1279 2358 dubiae
1323 2318 1449 2370 (Asc,
1479 2319 1693 2375 fragilis,

69 2380 282 2428 conserta,
324 2377 502 2426 capitulo
533 2376 749 2425 sphaerico
779 2376 1088 2432 circummisso,
1129 2377 1268 2426 stipite
1295 2387 1458 2418 setaceo
1498 2380 1697 2418 brevius-

68 2440 180 2480 culo.
209 2438 242 2479 l.
273 2451 312 2483 c,
333 2450 381 2488 p.
413 2434 542 2485 14·f·
573 2436 645 2478 23.
666 2458 719 2465 --
750 2434 793 2472 in
824 2447 946 2474 carne
969 2437 1103 2489 elixa)
1129 2438 1202 2476 vel
1227 2437 1500 2492 peregrinae,
1547 2448 1697 2485 nempe

66 2506 114 2538 n.
149 2497 194 2539 3,
226 2498 328 2536 Asc.
367 2493 549 2534 salbum
572 2515 625 2522 —-
653 2493 976 2544 Hydrophora:
1009 2506 1049 2532 n*
1091 2490 1133 2532 4.
1161 2497 1264 2536 Asc.
1300 2494 1436 2534 uvalis
1476 2496 1551 2546 (A.
1597 2508 1694 2544 per-

67 2553 192 2592 ennis
221 2557 340 2597 Pers.
372 2556 477 2606 Syn.
507 2565 553 2604 p.
579 2550 707 2602 685.)
744 2561 783 2590 et
811 2565 856 2596 n,
900 2553 942 2596 5.
974 2555 1086 2594 Asc..
1111 2552 1345 2607 cylindrica
1371 2569 1429 2591 =
1472 2556 1593 2594 ovula
1626 2554 1695 2592 in-

67 2619 291 2654 sectorum.
337 2623 383 2654 n.
415 2612 459 2653 6.
491 2613 594 2653 Asc.
625 2608 854 2661 limbiflora
882 2626 942 2651 =
968 2618 1096 2652 status
1126 2612 1407 2662 cladosporii.
1433 2624 1478 2659 n,
1509 2612 1551 2655 7,
1587 2615 1693 2656 Asc,

70 2667 291 2721 disc-istoru
317 2684 377 2710 =
402 2668 734 2720 Phragmidium.
761 2717 769 2723 ι

1223 3061 1354 3120 D2
