1887 3255
633 102 1130 200 '1¹'ULOSTOMA
1624 147 1702 201 43

210 284 392 359 Stipes
428 288 722 352 fistulOSUS‚
756 288 985 341 subinde
1023 287 1141 358 (filo
1179 287 1406 340 centrali
1443 287 1503 340 in
1541 289 1702 360 stipi-

66 359 136 411 tis
180 359 464 430 cavitate),
509 360 783 428 aequalis,
835 360 1000 412 1--2
1046 379 1167 411 unc.
1212 359 1443 429 longus,
1493 360 1703 415 lineam

66 450 298 493 craSSUS,
339 446 516 487 rectus
535 470 550 494 ‚
588 431 735 484 haud
781 432 1048 498 sulcatus,
1101 430 1400 502 squamulis
1435 433 1702 498 *seceden-

67 502 211 555 tibus
255 507 376 576 plus
414 504 595 557 minus
637 514 840 569 tectus,
879 522 1177 573 numquam
1212 522 1345 557 vero
1381 503 1487 568 ita,
1536 515 1598 555 ut
1634 504 1702 556 ad

66 574 226 627 basin
273 578 532 630 fibrosam
584 575 871 629 volvulam
917 575 1192 642 forment3
1239 576 1485 630 exoletus
1522 575 1704 646 ligne-

68 665 251 710 scens,
301 666 525 720 prorsus
568 647 779 717 glaber.
875 645 1164 699 Peridium
1212 648 1529 717 globosum,
1577 646 1702 718 pisi,

66 738 196 773 raro
233 719 387 772 nucis
437 719 715 772 avellanae
748 718 1157 789 magnitudine,
1198 719 1396 772 cortice
1444 719 1704 790 pulvera·

68 810 162 843 ceo
202 791 478 843 secedente
523 790 824 861 rigescenS‚
866 790 1135 853 albicans,
1199 809 1293 842 ore
1332 791 1544 843 minuto
1574 790 1705 842 sub-

68 862 423 932 cartilagineo
470 862 618 915 haud
670 861 963 919 fimbriam.
1048 860 1308 934 Sporidia
1369 861 1704 933 ferruginea.

1620 936 1643 958 0

70 960 322 1030 Equidem
352 974 552 1016 tantum
594 963 701 1031 legi
742 964 798 1015 in
845 961 1145 1015 vastissimis
1201 962 1375 1013 arenis
1419 962 1527 1032 (ad
1558 965 1707 1015 Altus

69 1034 293 1086 Scaniae
328 1035 401 1086 ad
445 1036 714 1087 solstitimn
764 1035 1016 1100 abunde.)
1078 1038 1339 1086 Autumno
1394 1033 1510 1102 jam
1545 1053 1709 1101 prae-

71 1105 201 1171 coci,
234 1117 294 1158 ut
332 1106 467 1159 bene
506 1106 867 1178 VVithering,
917 1106 1009 1160 sed
1022 1105 1153 1176 fere
1194 1106 1454 1174 peremtis,
1519 1105 1707 1160 Hieme

70 1178 214 1244 apud
240 1197 330 1229 nos
355 1196 457 1230 non
491 1179 645 1248 viget.
725 1180 807 1252 (v.
846 1179 926 1251 v.)

72 1275 128 1333 2.
207 1283 273 1332 Τ.
318 1275 672 1345 fimbriatum,
715 1275 897 1348 stipite
938 1276 1153 1345 aequali
1191 1274 1471 1341 subnudo,
1507 1273 1708 1347 peridii

218 1368 312 1402 ore
347 1350 512 1421 plano
547 1349 864 1401 fimbriato-
879 1346 1084 1400 ciliato.

132 1441 242 1489 Lyn,
281 1439 617 1486 pedunculatum.
685 1440 816 1480 Auct.
863 1436 1057 1478 nonnull.
1087 1458 1144 1467 ·-
1177 1433 1355 1483 ,Baisclu
1397 1431 1476 1477 El.
1501 1433 1548 1485 s:
1583 1432 1709 1478 1672

187 1497 243 1540 Τ.
270 1498 470 1534 brumale.
523 1499 645 1538 Pers.
672 1509 763 1549 syn.
783 1510 829 1548 p,
856 1497 957 1537 139.
985 1496 1066 1533 huc
1088 1494 1344 1543 potissimum
1374 1504 1398 1533 e
1421 1491 1579 1544 ffiagn„
1602 1500 1711 1532 tem-

189 1566 292 1652 {ioie
316 1562 480 1650 ege-i·-
521 1552 732 1608 Lzffeblst
770 1557 844 1602 Su,
857 1552 915 1606 fl.
944 1553 991 1596 3.
1048 1555 1119 1594 W
1115 1552 1204 1599 ahl,
1223 1555 1344 1592 Suec.
1365 1564 1410 1598 n,
1434 1549 1564 1597 2268,
1618 1551 1708 1595 Gsr.

261 1625 333 1651 ren
364 1638 376 1650 .
428 1641 441 1655 .
476 1624 517 1654 c.

223 1694 552 1768 Specimina,
577 1715 707 1765 quae
735 1695 858 1765 legi,
892 1695 1067 1748 multo
1089 1690 1268 1763 magis
1291 1690 1532 1744 serotina
1551 1709 1712 1761 quam

80 1765 302 1840 prioriS,
343 1767 528 1821 saltim
567 1769 728 1840 duplo
778 1766 1018 1838 majora,
1062 1763 1228 1836 stipes
1277 1763 1450 1816 multo
1489 1763 1711 1833 longior

82 1851 135 1891 et
170 1839 464 1903 robustior,
494 1841 692 1908 glaber,
733 1840 801 1892 ob
839 1838 1147 1908 squamulas
1190 1836 1474 1907 plerasque
1508 1836 1574 1887 ad
1613 1835 1712 1887 ba-

25 1926 29 1929 ’
82 1910 171 1964 sin
200 1912 397 1966 volvae
432 1912 607 1965 instar
646 1912 917 1964 obsoletae
953 1908 1163 1981 iugacis
1202 1907 1482 1969 reciduas,
1539 1918 1712 1961 totus-

83 2002 186 2052 que
224 2002 463 2035 emersus
487 1983 720 2056 (prioris
758 1983 819 2035 in
857 2001 1023 2035 arena
1055 1980 1480 2049 subdemersus),
1506 1990 1566 2032 ut
1598 1977 1712 2049 iam

83 2053 277 2107 habitu
301 2053 531 2108 differat,
580 2058 659 2110 At
688 2055 1009 2128 praecipuae
1039 2051 1376 2104 differentiae
1401 2062 1554 2104 sunt:
1597 2051 1713 2105 Sti-

85 2145 180 2198 pes
191 2125 425 2195 farctus‘,
456 2128 637 2181 medio
666 2126 918 2192 crassior,
946 2125 1048 2178 vix
1074 2123 1405 2194 liguescens3
1437 2122 1715 2193 peridium

85 2196 323 2266 squamis
349 2198 587 2253 deciduis
612 2201 820 2252 nudum
845 2197 1147 2250 fuscescens
1166 2194 1589 2256 obtusissimam,
1618 2213 1715 2247 ore

86 2268 626 2339 efflato-fimbriato,
671 2270 912 2344 sporidia
959 2267 1270 2340 pallidiora.
1351 2265 1537 2318 Minus
1587 2286 1714 2338 per-

86 2340 300 2394 sistens.
388 2347 566 2396 Meum
601 2356 800 2396 tantum
833 2343 939 2410 leg-i
965 2343 1022 2392 in
1064 2339 1340 2407 aggeribus
1376 2357 1406 2388 e>
1423 2336 1566 2403 fucis
1611 2357 1713 2389 ex-

89 2413 297 2465 structis
328 2412 504 2482 juxta
542 2417 699 2470 litora
731 2414 879 2486 freti
921 2413 1177 2476 Oreszmd,
1217 2409 1441 2465 Scaniae
1477 2409 1714 2463 occiden-

88 2483 231 2536 talis.
311 2489 581 2543 Novembr.
619 2486 907 2542 Decembri.
974 2490 1051 2553 (v.
1077 2485 1166 2558 v.)

90 2585 144 2639 3.
210 2591 277 2640 Τ.
301 2596 606 2648 tortuosum,
650 2583 832 2655 stipite
860 2582 1158 2636 incrassato
1193 2592 1468 2644 tortuoso,
1510 2578 1715 2654 peridii

235 2676 331 2709 ore
397 2657 631 2714 rotundo
696 2657 887 2709 obtuso
925 2654 1160 2727 integro.
1219 2653 1444 2706 Bhrenb.
1481 2657 1530 2706 I.
1572 2657 1712 2707 Hor.

237 2734 395 2800 Phys.

268 2812 467 2885 Stipite
504 2814 722 2880 valido,
756 2823 922 2874 torto,
961 2813 1192 2876 sulcato,
1254 2833 1348 2866 ore
1389 2832 1502 2865 non
1537 2828 1715 2864 mam·-

94 2905 248 2939 moso
288 2886 436 2938 nudo
480 2885 773 2957 insigniter
817 2884 1019 2939 differt.
1123 2885 1296 2938 Plena
1335 2883 1498 2958 hujus
1537 2893 1590 2935 et
1630 2900 1717 2934 se-

78 2957 306 3028 quentis
347 2957 636 3034 descriptio
668 2958 858 3014 forsan
894 2955 1005 3030 jam
1030 2956 1301 3032 publicata
1344 2968 1423 3014 est
1460 2955 1522 3015 in
1553 2971 1716 3029 opere
