1887 3255
738 145 1085 205 ARGYRIA
1634 162 1738 215 179

164 322 166 324 .
226 286 311 327 inc.
356 291 476 336 Pers.
508 287 608 334 obs.
636 288 758 344 Mye.
791 294 833 336 l.
850 306 896 346 p,
928 295 1000 340 ⁵8,
1019 302 1052 340 t.
1085 296 1186 348 as.
1219 297 1248 339 4
1267 321 1325 331 —
1363 298 1406 338 5.
1449 300 1569 345 bene.
1629 307 1734 358 Syn,

220 359 270 398 p.
302 345 402 388 185.
488 350 710 405 Soqnmerj.
754 353 896 403 Lapp,
924 366 971 404 p.
1008 353 1108 398 244,
1185 357 1335 401 Dium.
1364 357 1477 408 apud
1515 363 1666 405 Sturm,
1706 365 1735 408 1,

221 417 260 448 c,
287 411 323 450 t,
360 403 433 450 44.
465 407 588 445 bene.
647 407 829 458 Arcyria
859 410 1041 452 litacina.
1105 413 1299 457 Schum.!
1334 415 1469 457 Saell.
1502 419 1543 459 2.
1565 432 1609 469 p.
1631 424 1731 464 212,

283 471 343 524 A
386 471 563 544 priori
613 485 824 528 veteres
875 478 975 530 vix
1031 479 1429 545 distinxerunt,
1471 485 1561 536 sed
1596 502 1737 540 certe

113 541 298 595 differt
336 555 541 595 statura
565 543 796 607 minore,
837 547 1018 619 stipite
1047 550 1324 617 breviore,
1365 567 1423 606 ut
1446 555 1560 606 scre
1583 560 1735 611 nullo

113 613 325 684 (variat
353 625 532 665 tamen
550 614 714 668 etiam
746 618 991 688 elongato
1013 622 1031 690 )
1061 623 1271 692 pel-idio
1295 645 1427 677 vero
1453 628 1737 700 praecipue

112 686 318 751 enervi,
374 684 636 755 capillitio
663 688 879 742 laxiore
917 711 1039 743 cum
1085 695 1338 762 sporidiis
1383 697 1552 749 dilute
1591 702 1737 752 colo-

112 767 267 818 rato,
300 774 405 824 quo
443 755 606 808 facile
640 761 918 814 secedente
952 764 1178 832 cupulae
1209 766 1448 819 minutae
1483 768 1737 824 Pezizoi-

113 826 243 878 deae
286 837 510 883 restant.
577 833 645 880 In
673 831 829 901 lignis
855 834 1082 901 putridis
1120 840 1417 904 communis,
1450 840 1618 907 ferme
1639 861 1737 910 per

108 916 318 951 annum.
371 897 465 967 (V.
501 900 590 970 V.)

254 1000 307 1065 β.
349 997 622 1063 flexuosa,
680 999 1333 1071 caespitoso-conssuens,
1379 1009 1603 1079 peridiis
1643 1031 1738 1084 cy-

114 1068 364 1121 lindricis
402 1070 738 1139 longissimis
784 1072 940 1125 tortis
976 1073 1264 1147 implexis,
1306 1081 1567 1152 capillitio
1613 1102 1737 1153 spo-

111 1139 377 1209 ridiisque
407 1141 740 1211 sanguineis·

170 1229 361 1268 Clathrus
391 1241 591 1270 ramosus.
627 1245 667 1267 α.
699 1227 848 1271 Reiz!
879 1229 924 1269 in
960 1234 1010 1271 V
1005 1239 1057 1277 et,
1088 1235 1170 1272 Ac.
1202 1234 1364 1273 Handl.
1396 1236 1522 1279 1769.
1555 1251 1602 1289 p.
1635 1238 1738 1282 253.

229 1288 438 1325 Tubulina
458 1287 706 1337 fragiformis
725 1289 930 1330 Nonnull.
957 1290 1124 1328 Trichia
1153 1291 1362 1336 flexuosa.
1390 1294 1580 1337 Sdzumd
1599 1296 1737 1340 SaeIL

227 1347 273 1389 2.
301 1359 353 1397 p,
394 1346 494 1384 209.
522 1348 651 1387 modo
684 1346 804 1386 latior
838 1355 878 1386 et
917 1347 1144 1387 distinctius
1185 1351 1377 1399 stipitem.

298 1414 573 1468 Distincta
622 1413 824 1484 specics
867 1415 1027 1467 facile
1063 1417 1295 1471 videtur.
1374 1417 1596 1471 Peridia
1634 1437 1738 1468 nu-

111 1486 498 1548 merosissima,
523 1485 583 1536 in
614 1504 834 1537 acervos
856 1487 1114 1540 rotundos
1146 1489 1180 1541 l.
1215 1489 1490 1541 difformes
1519 1488 1738 1541 omnino

113 1570 358 1620 connata,
383 1555 595 1610 sessilia
618 1574 872 1626 prorsus,
915 1571 1176 1624 contorta,
1216 1561 1512 1629 subrugosa
1534 1598 1549 1625 ,
1582 1578 1738 1630 saepe

112 1628 496 1699 irregulariter
543 1626 895 1693 dehiscentia,
943 1629 1123 1680 floccis
1174 1630 1354 1683 minus
1412 1630 1567 1682 laxis.
1627 1631 1742 1683 -Ad

113 1709 321 1752 truncos
356 1702 574 1753 Belidae
619 1710 716 1749 etc.
745 1699 1027 1767 praecipue
1068 1701 1157 1752 sub
1200 1703 1421 1768 cortice,
1470 1702 1608 1769 apud
1652 1720 1742 1753 nos

97 1770 229 1840 jere
259 1772 611 1839 vulgatissima
633 1789 855 1836 generes,
895 1782 1116 1833 aestate,
1148 1784 1405 1869 aufumno.
1477 1778 1554 1842 (v.
1587 1778 1667 1842 v.)

112 1871 161 1926 3.
209 1875 282 1925 A.
298 1869 491 1940 filsea,
538 1867 816 1938 gregaria,
848 1870 1074 1938 peridiis
1115 1871 1370 1942 stipitatis
1409 1871 1739 1939 ovato-glo-

254 1941 401 1994 bosis
424 1941 608 2005 fuscis,
653 1938 917 2009 capillitio
956 1954 1115 1995 ovato
1143 1955 1414 2013 compacto
1455 1941 1738 2013 sporidiis-

256 2031 360 2081 que
386 2009 881 2065 carneo-cinereiS.
957 2014 1115 2067 „Fries
1162 2014 1329 2083 Symb.
1370 2020 1515 2068 Gast.
1545 2033 1605 2082 p.
1653 2014 1740 2068 27.

256 2082 377 2137 var.
413 2080 737 2136 subsessilis..

170 2173 350 2225 Arcy'ria
385 2171 566 2211 cinerea.
621 2172 740 2206 Pers.
771 2178 864 2220 syn.
888 2180 939 2218 p.
973 2166 1056 2208 184
1099 2179 1156 2207 ex
1185 2172 1272 2213 obs.
1303 2172 1382 2209 huc
1411 2179 1597 2221 spectare
1618 2170 1738 2209 vide-

225 2240 306 2270 tur.
354 2231 508 2280 Arcyr,
554 2238 701 2265 carnea
739 2233 779 2263 et
815 2228 993 2272 dentata,
1047 2226 1255 2271 δάκνῃ]
1295 2229 1432 2274 Saell.
1473 2232 1514 2268 2.
1557 2243 1603 2281 p.
1635 2231 1738 2272 213.

229 2289 453 2339 Sommerj:
481 2291 621 2338 Lapp.
648 2298 698 2336 p,
728 2282 832 2326 245,

283 2369 500 2442 Species
549 2364 869 2426 variabilis,
928 2365 1018 2416 sed
1054 2366 1309 2437 sporitliis
1347 2368 1738 2421 carneo-cine-

111 2442 221 2495 reis
259 2442 526 2503 distincta.
602 2438 824 2509 Stipites
866 2436 1203 2505 longitudine
1249 2458 1348 2510 pro
1381 2459 1532 2492 more
1567 2440 1736 2501 varia,

112 2514 436 2596 hypothallo
472 2511 624 2563 tenui
665 2507 932 2567 instructi,
963 2509 1175 2578 peridio
1229 2512 1554 2563 concolores.
1630 2509 1736 2562 Pe-

111 2585 247 2638 rldii
323 2585 601 2657 calyculus
679 2578 1126 2651 cupulaesormis,
1210 2581 1336 2632 dein
1389 2581 1738 2653 patellaesor-

110 2655 250 2722 mis,
303 2655 504 2727 passim
551 2655 813 2705 dentatus.
937 2648 1277 2720 Capillitium
1329 2665 1389 2703 ut
1436 2652 1495 2704 in
1533 2651 1737 2722 priori-

110 2727 213 2780 bus
256 2743 554 2796 numquam
591 2725 903 2793 elongatum
943 2722 1093 2788 vidi,
1134 2723 1226 2775 sed
1267 2736 1486 2774 ovatum
1525 2734 1736 2774 tantum

111 2809 166 2850 et
205 2791 556 2870 compactum.
622 2794 864 2849 Credunt
896 2793 1015 2846 Alb.
1053 2805 1103 2844 et
1123 2795 1424 2855 Schweim'z,
1456 2791 1569 2846 Cel.
1598 2793 1737 2844 Per-

110 2888 246 2921 soon
287 2871 385 2921 sub
422 2870 492 2922 A.
531 2868 746 2920 cinerea
783 2865 1020 2915 formam
1051 2865 1278 2916 senilem
1310 2866 1440 2916 Arc.
1474 2863 1734 2936 puniceae

104 2940 394 3012 complecti
430 2941 496 2992 ob
540 2940 778 2992 colorem
813 2934 1191 3001 rufeseentem,
1224 2954 1416 2988 verum
1453 2934 1630 3007 potius
1660 2947 1736 2987 est

111 3014 364 3083 praesens
390 3012 456 3065 ab
494 3011 549 3063 A
575 3008 802 3083 punicea
836 3005 1258 3068 distinctissima,
1292 3018 1346 3058 at
1382 3008 1456 3060 A.
1492 3005 1736 3058 cinereae

1329 3092 1455 3145 M2
