1887 3255
671 101 1130 158 SPlLOCAEA.
1609 108 1716 158 503

241 245 421 298 Flocci
471 241 792 295 normaliter
842 243 1032 308 erecti,
1083 242 1386 313 simpliceS,
1442 245 1716 314 pellucidi‚

96 332 339 380 tenaces,
401 315 541 366 haud
607 312 767 365 facile
821 314 1150 366 collabentes
1202 315 1262 366 in
1316 327 1457 366 statu
1505 331 1712 385 vegeto,

96 390 222 442 dein
261 387 636 440 decumbentes
676 396 725 435 et
754 386 957 436 ramosi
990 398 1269 456 apparent.
1336 385 1573 441 Omnino
1606 388 1714 439 col-

95 462 274 532 lapsa,
328 456 582 530 sporidiis
641 455 926 506 materiam
974 476 1287 524 grumosam
1339 457 1711 525 fundentibus,

94 532 237 585 Sistit
274 528 632 596 meagv'nem,
681 524 854 580 S'edaea
899 525 1171 579 similibus
1205 528 1430 580 statibus
1472 529 1714 591 aliarum

93 602 392 674 specierum
430 613 543 650 tum
578 595 720 648 haud
746 594 851 646 rite
879 597 1245 652 discernenda.
1314 599 1527 654 Latiori
1551 620 1712 653 sensu

93 674 352 727 sumenda
399 671 615 721 videtur
671 681 721 717 et
774 667 870 719 vix
910 669 1286 734 distinguenda
1333 677 1453 726 Tor.
1499 674 1712 726 Rhodo-

91 745 278 797 dendri
311 741 496 793 Kunz.
541 769 609 778 —
653 735 817 792 Cord.
851 739 889 791 l.
925 759 967 792 c,
1010 752 1046 795 t.
1089 741 1178 796 44.
1243 746 1309 792 In
1341 742 1489 808 foliis
1536 745 1711 810 variis,

91 827 348 869 autumno.
399 813 476 876 (V.
508 812 589 880 V.)

90 919 176 970 ll,
242 918 304 966 T.
328 910 701 978 granzz‘nicola‚
741 910 999 981 sporidiis
1039 911 1425 984 subpellucidis
1468 913 1708 982 globosis

226 981 483 1036 olivaceis
538 981 598 1033 in
640 983 831 1034 floccos
887 983 1144 1054 caespites
1202 986 1399 1036 effusos
1461 984 1710 1037 sistentes

231 1053 609 1106 concatenatis.
688 1055 854 1106 Corda
889 1055 922 1104 l.
960 1074 1004 1109 c.
1032 1066 1069 1107 t.
1105 1056 1193 1110 42.

229 1138 421 1191 Habeo
455 1136 741 1189 individua
775 1136 993 1208 juniora
1032 1138 1102 1190 T.
1142 1139 1454 1202 herbarum,
1492 1155 1708 1214 praeter

83 1211 261 1263 locum
287 1209 412 1262 huic
445 1209 844 1280 respondentia.
917 1216 1112 1262 Culmos
1142 1213 1278 1264 vivos
1299 1213 1474 1265 ambit.
1512 1219 1585 1283 (v.
1615 1215 1704 1285 ie.)

86 1310 174 1365 12.
234 1315 297 1362 Τ.
360 1308 624 1373 Uredinis,
693 1307 948 1377 sporidiis
1010 1310 1248 1379 globosis
1306 1312 1703 1382 irregularibus

226 1379 512 1452 pellucidis
547 1379 757 1431 flavidis
795 1379 854 1430 in
890 1382 1080 1432 floccos
1115 1382 1469 1435 determinate
1495 1385 1703 1455 caespi-

223 1453 424 1503 tulosos
471 1450 849 1504 concatenatis.
917 1453 1060 1504 Link
1096 1458 1242 1520 spec.
1285 1459 1330 1509 1.
1358 1476 1416 1524 p.
1455 1456 1572 1509 123.
1603 1457 1701 1508 sub

226 1522 411 1575 Oidio.

224 1606 322 1658 Est
373 1604 526 1674 quasi
573 1603 811 1674 sporidia
880 1602 1136 1656 Ureciinis
1184 1616 1554 1671 concatenata,
1604 1612 1698 1674 ob..

81 1678 234 1734 vium
265 1696 428 1750 supra
474 1677 767 1729 Uredinem'
791 1675 1069 1729 Rubormn.
1118 1682 1193 1745 (v.
1226 1685 1309 1745 v.)

223 1762 328 1816 His
357 1761 632 1833 speciebus
664 1761 793 1813 satis
834 1779 1099 1831 superque
1124 1794 1190 1802 -
1237 1763 1395 1815 valde
1428 1782 1560 1816 vero
1599 1784 1698 1816 no-

82 1835 267 1887 tabilis
323 1845 489 1886 restat
544 1835 738 1885 Torula
794 1831 1194 1884 Tuber-culmine
1246 1834 1384 1885 Nees
1441 1834 1508 1888 N.
1572 1836 1698 1892 Act.

81 1907 183 1960 Ac.
221 1906 342 1958 Nat.
385 1907 510 1957 Cur.
546 1907 640 1957 IX.
680 1924 729 1974 p.
771 1904 896 1954 247.
935 1915 970 1955 t.
1015 1905 1066 1956 6.
1124 1905 1158 1955 f.
1214 1905 1294 1958 16.
1342 1906 1518 1957 Corda
1562 1907 1599 1960 l.
1653 1929 1696 1962 c.

84 1998 204 2029 cum
241 1978 412 2035 icon.,
454 1994 588 2044 quae
621 1986 827 2027 constat
880 1993 907 2024 e
959 1976 1212 2045 sporidiis
1252 1976 1492 2028 connatis
1531 1981 1697 2047 vulgo

82 2064 313 2117 quatuor
365 2047 571 2112 (2—5)
620 2045 831 2098 matrici
896 2065 1006 2098 non
1069 2060 1277 2099 tantum
1334 2046 1694 2101 incumbenti-

81 2121 212 2183 bus,
260 2119 348 2172 sed
382 2117 582 2170 innatis
631 2118 825 2189 potius.
902 2115 1049 2168 Hinc
1090 2120 1201 2172 Cel.
1263 2125 1438 2172 szze
1493 2140 1693 2190 genere

80 2191 380 2262 separavit:
443 2190 787 2242 Tetracolium
831 2189 1230 2241 Tuberculariae
1262 2191 1414 2244 Link
1449 2190 1601 2263 Spec.
1639 2193 1691 2246 2.

79 2283 129 2333 p.
171 2262 289 2316 125.
363 2260 621 2313 Lineolas
657 2259 882 2313 subtiles
928 2273 1067 2312 atras
1102 2262 1241 2314 sistit
1281 2263 1335 2312 in
1379 2264 1692 2316 Tubercula-

79 2334 159 2385 ria
197 2334 414 2401 vulgari.
461 2334 542 2403 (v.
583 2334 648 2402 s.)
730 2335 815 2383 An
855 2333 1124 2399 seque-ntis
1158 2335 1409 2404 generis?

401 2655 566 2710 XXI.
641 2654 1097 2711 SPILOCAEA.
1161 2656 1336 2710 Fries.

130 2773 277 2815 Novit.
314 2773 441 2820 1819.
471 2778 585 2830 Syst.
621 2774 721 2820 Orb,
755 2776 803 2814 V
800 2785 871 2824 eg.
910 2775 947 2818 1,
975 2787 1022 2825 p.
1060 2772 1160 2818 198.

212 2855 440 2911 CHAR.
512 2857 764 2929 Sporidia
809 2858 1050 2929 globosa,
1105 2854 1398 2926 simplicia,
1452 2855 1557 2908 sibi
1604 2857 1685 2909 in-

72 2926 245 2980 vicem
286 2943 335 2980 et
374 2930 589 2982 matrici
628 2944 772 2982 arcte
811 2931 1004 2982 adnata
1057 2927 1684 3048 (haudoconglutinata),

1301 3001 1336 3032 τ)
