1887 3255
663 139 1145 197 STEMOMTls
1628 148 1728 197 163

235 285 395 339 ridiis
445 284 894 346 suscescentibus‚
958 285 1136 358 stipite
1208 283 1360 338 brevi
1425 287 1721 357 semipenc-

233 371 452 413 trante„

145 447 208 491 St.
251 447 497 500 Arcyrioid,
569 442 818 494 Sommmf!
851 442 897 482 in
927 444 1064 484 Tidsk.
1092 445 1142 494 s,
1179 451 1319 481 natur.
1358 442 1461 485 Via,
1513 445 1717 485 Chinia-

203 505 302 545 niae
348 506 478 548 1827.
526 516 619 543 cum
657 503 794 545 icone.
864 504 924 545 St.
966 506 1181 554 chalybea,
1246 499 1398 544 Pers.!
1432 501 1545 544 inea.

257 574 549 644 Fungillus
586 570 812 635 nitidus,
873 570 1064 621 habitu
1101 569 1340 642 Physari
1367 571 1599 640 speciem
1632 594 1716 624 rc-

84 645 219 716 fert3
238 646 330 700 sed
346 642 672 716 capillitium
686 640 909 694 omnino
927 640 1162 692 liberum
1178 641 1487 711 persistens,
1511 644 1607 694 etsi
1627 664 1713 695 so-

82 717 261 770 lutum
286 736 481 788 parum
519 714 681 766 modo
714 732 830 765 sese
859 712 1138 785 expandit.
1219 713 1395 783 Stipes
1438 714 1615 766 brevis
1649 717 1708 769 (1.

84 789 306 842 omnino
341 787 571 855 nullus),
609 792 644 850 ὲ
677 783 767 838 lin.
806 785 962 846 altus,
1018 783 1137 835 basi
1170 796 1396 845 scutata,
1432 785 1497 836 ab
1536 786 1708 858 hypo-

78 861 256 912 vthallo
291 859 486 924 (effuso
530 856 944 909 membranaceo
973 855 1278 925 interrupto
1321 856 1468 914 fusco
1506 856 1709 928 nitido)

82 943 229 999 orta,
271 929 335 981 ad
393 928 634 981 medium
670 927 871 999 peridii
915 926 1175 998 pertingit
1209 937 1259 976 et
1298 926 1361 976 ab
1404 927 1514 1000 ejus
1562 929 1709 998 apice

80 1001 415 1074 capillitiumr
457 999 700 1051 albidum
740 1009 1142 1050 anastomosans
1189 997 1426 1068 (optime
1470 1001 1709 1069 explica-

78 1084 196 1125 tum
237 1084 474 1136 ovatum,
514 1070 713 1137 floccis,
739 1069 837 1121 ubi
867 1088 898 1120 a
942 1068 1162 1141 stylidio
1202 1082 1522 1132 excurrunt,
1564 1091 1706 1123 cras-

78 1143 337 1210 sioribus)
370 1142 663 1214 egreditur.
720 1140 1006 1194 Peridium
1024 1139 1245 1191 seminis
1273 1139 1570 1210 Papaveris
1590 1162 1706 1193 ma-

76 1215 362 1286 gnitudine
398 1216 524 1285 (vel
561 1214 766 1282 ultra),
804 1211 1077 1265 coloribus
1109 1211 1237 1263 colli
1283 1211 1581 1264 columbini
1619 1214 1704 1264 ni-

75 1298 168 1354 tet,
199 1286 551 1355 (laciniatim)
586 1296 809 1356 ruptum
837 1283 903 1334 ad
948 1283 1103 1334 basin
1135 1282 1549 1353 excipulisorme
1581 1305 1704 1356 per-

73 1357 235 1424 sistit,
275 1357 643 1430 Arcyriarum
683 1374 854 1414 more,
892 1355 1110 1406 tandem
1139 1372 1272 1406 vero
1308 1365 1478 1405 totum
1506 1374 1702 1407 evane-

74 1429 194 1482 scit.
263 1428 516 1500 Sporidia
561 1425 958 1490 minutissima,
1005 1437 1195 1484 ovata,
1244 1423 1496 1493 utrinque
1531 1440 1699 1481 acuta.

71 1498 388 1572 Descriptio
432 1498 696 1570 primaria
748 1508 826 1549 est
877 1496 1033 1565 fungi
1091 1494 1517 1560 Sommerfeltii,
1567 1518 1701 1566 quae

70 1571 219 1624 intra
264 1575 285 1637 (
313 1574 334 1642 )
393 1570 575 1622 addita
627 1569 694 1620 ad
747 1567 1042 1638 specimina
1080 1565 1358 1636 Mougeoti
1423 1569 1697 1622 annotavi.

8 1690 10 1693 .
71 1640 310 1714 Species,
332 1642 381 1694 si
412 1641 537 1703 alia,
570 1639 803 1708 insignis
833 1652 883 1690 et
904 1637 1228 1698 excentrica,
1268 1637 1521 1689 affinitate
1545 1638 1700 1712 Phy-

70 1713 214 1776 sari,
255 1713 507 1783 analogia
546 1710 829 1784 Arcyriae.
903 1709 1083 1760 Valde
1120 1727 1324 1778 vagans
1377 1720 1484 1767 est,
1545 1708 1699 1783 Phy-

69 1804 322 1838 sarorum
351 1804 522 1846 more,
562 1785 700 1835 lecta
740 1782 800 1833 in
838 1781 1097 1849 stipitibus
1132 1780 1416 1845 vigentibus
1455 1782 1703 1833 Vacciniz'

68 1857 327 1926 Myrtilli,
383 1857 542 1908 ramis
579 1854 777 1906 tenellis
820 1853 1034 1920 Populi,
1085 1851 1234 1918 foliis
1272 1852 1549 1902 exsiccatis
1587 1854 1700 1903 nive

66 1928 372 1995 liquescente
399 1928 455 1978 in
498 1930 608 1980 luco
648 1927 720 1976 ad
759 1923 958 1991 Bjerlce
986 1941 1148 1991 prope
1184 1922 1496 1974 Christiania
1536 1923 1697 1976 Som-

65 1998 302 2053 merfelt.
334 2028 407 2039 ——
459 2000 550 2051 Ad
583 1998 753 2050 caules
789 1995 1060 2046 herbarum
1104 1994 1160 2044 in
1216 1993 1452 2058 Vogesis.
1536 1994 1696 2046 Mou-

65 2071 222 2138 geot!
263 2070 339 2136 (v.
382 2069 460 2142 S.)

63 2153 154 2205 13.
219 2158 274 2207 S.
312 2153 711 2219 Gribrarz'oides,
749 2149 986 2216 sessilis,
1015 2148 1225 2220 peridio
1259 2160 1375 2201 atro
1414 2149 1530 2202 basi
1568 2169 1694 2220 per-

207 2224 448 2287 sistente,
481 2224 747 2298 capillitio
779 2223 1002 2293 globoso
1028 2220 1329 2290 nigricante
1356 2221 1421 2272 ad
1453 2221 1693 2274 medium

208 2295 436 2369 stylidio
470 2315 748 2368 percurso.

122 2382 330 2423 Cribraria
349 2384 598 2435 Lycopodii.
654 2385 732 2427 Fr,
758 2377 899 2423 Nees!
921 2379 966 2418 in
987 2378 1073 2424 litt,

205 2450 274 2504 In
320 2451 561 2523 apicibus
605 2450 867 2503 foliorum
914 2446 1222 2521 Lycopodii
1275 2449 1551 2514 annotini,
1603 2452 1690 2503 ni-

68 2522 404 2593 gricantibus
432 2523 650 2593 (quibus
670 2519 1200 2592 pseudostipitatum)
1222 2533 1515 2572 nascuntur
1537 2542 1688 2591 spar-

63 2593 169 2645 sim
188 2595 385 2663 absque
421 2594 776 2668 hypothallo,
813 2591 873 2642 in
909 2589 1106 2642 adultis
1137 2590 1353 2659 quidem
1383 2592 1682 2662 perspicuo,

59 2663 272 2736 'peridia
300 2665 541 2734 globosa,
573 2663 804 2736 fugacia,
845 2662 1164 2733 persistente
1200 2661 1449 2732 excipulo
1487 2663 1684 2732 exiguo

63 2736 130 2788 'ad
168 2735 342 2788 basin.
436 2736 583 2789 Huic
623 2734 938 2807 impositum
985 2745 1092 2796 est,
1139 2733 1462 2804 capillitium
1496 2735 1684 2803 globo-

59 2824 198 2869 sum,
242 2806 464 2861 omnino
495 2807 826 2867 StemonitiS,
865 2805 1044 2857 floccis
1087 2804 1343 2873 sporidiis
1367 2805 1573 2858 defiatis
1596 2806 1683 2857 ni-

57 2874 420 2948 gricantibus‚
481 2881 573 2933 sed
621 2877 907 2952 stylidium
958 2896 1027 2928 ne
1067 2877 1133 2927 ad
1179 2875 1416 2928 medium
1465 2875 1681 2944 quidem

52 2961 314 3019 penetrat.
399 2957 611 3023 Lectum
649 2952 704 3002 in
745 2948 1036 3015 Thuringz‘a
1054 2966 1217 3016 prope
1250 2948 1522 3001 Arnstadt.
1565 2947 1680 3000 Lu·-

59 3037 164 3121 cas.
200 3025 290 3090 (v.
331 3023 418 3094 5.)
1271 3086 1316 3136 L
1356 3087 1396 3138 2
