1887 3255
621 122 665 175 1⁴*
675 120 722 174 U
725 118 837 175 Sls
846 120 942 175 Po
951 120 1160 178 ΝΟΜ.
1599 119 1706 172 445

94 262 321 314 indicato
366 274 479 330 post
516 281 746 325 messem,
798 266 1033 328 Augusto
1071 263 1295 331 pluvioso
1313 261 1506 330 passim
1535 264 1706 330 copi«)-

95 333 302 388 3issime.
341 335 416 404 (v.
453 342 532 401 v.)

94 432 147 489 6.
210 437 303 486 F.
347 434 612 502 pyrinum‚
661 431 851 502 floccis
909 432 1335 494 lanaeformibus
1390 431 1707 484 densissime

235 504 544 556 intertextis
590 502 1213 575 pulyinato-compactis
1269 504 1533 566 candidis,
1585 525 1708 576 spo·

239 575 398 627 ridiis
440 573 823 642 conglutinatis
860 578 1385 646 purpurascentibus.
1698 580 1701 583 ’

238 672 586 726 Nobilissima
620 672 830 737 generis
869 675 1097 743 species!
1177 678 1392 747 Duplex
1433 677 1570 729 mihi
1616 678 1709 728 ob-

96 745 187 797 via
228 745 434 797 forma:
492 762 538 795 a.
575 743 754 795 Flocci
798 746 987 812 erecti,
1040 748 1129 798 sed
1175 747 1443 807 intricati,
1496 749 1710 801 tenuis·

97 816 249 882 simi,
297 814 527 880 ramosi,
581 815 802 887 septati,
858 816 1094 869 formant
1128 819 1310 870 lanam
1367 835 1709 891 compactam,

96 887 383 953 danicam,
434 887 471 938 2
508 886 603 940 lin.
653 906 820 955 usque
865 908 1119 947 crassam,
1171 891 1532 960 pulvinatam,
1571 912 1713 943 nune

95 958 154 1010 in
188 959 442 1030 caespites
479 959 841 1010 subrotundos
868 981 1012 1012 nunc
1043 963 1237 1013 effusos
1262 962 1545 1033 stipatam,
1586 983 1714 1031 can-

97 1029 433 1082 didissimam
471 1042 521 1082 et
564 1031 957 1102 persistentem.
1035 1035 1183 1084 Intra
1232 1033 1370 1085 hanc
1417 1034 1545 1086 hinc
1586 1035 1714 1086 inde

79 1101 451 1155 *observantur
506 1103 742 1154 maculae
802 1115 1016 1165 tenues,
1076 1104 1712 1177 violaceo-purpureae,

96 1172 313 1225 matrici
341 1173 564 1225 adnatae
596 1186 645 1226 et
678 1175 953 1243 Sepedoniz'
987 1195 1139 1227 more
1171 1177 1437 1246 profunde
1475 1197 1592 1228 eam
1631 1180 1716 1229 in-

97 1255 330 1309 trantes,
372 1264 506 1314 quae
544 1247 777 1298 offerunt
815 1247 1056 1318 sporidia
1096 1248 1717 1317 elongato-fusisormia,

101 1316 396 1385 pellucida,
450 1317 703 1386 utrinque
741 1331 907 1370 acuta.
980 1318 1026 1370 b.
1062 1319 1294 1388 Quando
1340 1320 1528 1373 vivam
1574 1321 1717 1387 lege-

99 1388 251 1451 bam,
317 1408 366 1441 α.
414 1389 630 1440 omnino
672 1389 869 1441 similis
930 1402 1068 1456 erat,
1100 1392 1191 1443 sed
1244 1393 1464 1462 prorsu's
1504 1393 1717 1446 sterilis.

98 1457 208 1509 Per
248 1478 490 1511 mensem
541 1459 685 1511 intra
733 1462 953 1513 domum
996 1482 1117 1514 cum
1172 1463 1396 1514 matrice
1442 1476 1719 1516 servatum

96 1531 430 1581 monstrabat
467 1531 761 1603 mycelium
801 1533 907 1584 late
944 1534 1171 1585 effusum
1206 1546 1536 1604 prostratum
1569 1555 1719 1587 acer-

97 1599 243 1652 vulis
279 1600 650 1672 sporidiorum
677 1604 1250 1672 purpureo-rubellis,
1286 1605 1414 1656 hinc
1439 1606 1566 1657 inde
1589 1609 1719 1658 floc-

98 1670 172 1722 cis
209 1672 433 1744 mycelii
477 1673 843 1742 adglutinatis.
937 1676 1029 1728 Ad
1068 1694 1224 1747 pyros
1263 1688 1608 1745 putrescentes
1655 1676 1720 1732 C.

99 1744 152 1795 S.
191 1743 565 1828 Berling..5(V.
604 1750 684 1814 V.)

97 1857 148 1909 7.
248 1861 309 1909 F.
360 1857 742 1923 aurantiamtm‚
813 1858 994 1909 floccis
1052 1859 1479 1915 lanaeformibus
1529 1862 1720 1915 liberis

241 1926 400 1992 albis,
434 1928 650 1979 demum
691 1929 1162 1998 evanescentibus,
1204 1934 1460 2004 sporidiis
1500 1935 1722 2005 conglu-

241 1997 422 2050 tinatis
459 1999 711 2050 tenuibus
753 2001 1012 2053 curvnlis.

157 2102 206 2142 F.
241 2102 535 2146 aurantiacum.
594 2100 738 2144 Link!
777 2103 874 2147 obs.
915 2105 952 2146 1.
983 2117 1032 2155 p.
1069 2105 1138 2148 17.
1186 2108 1305 2158 Spec,
1352 2110 1391 2153 1.
1419 2122 1466 2160 p.
1498 2109 1570 2154 30.
1615 2111 1724 2150 Nees

218 2163 333 2215 Syst.
359 2174 407 2212 Ρ.
438 2160 508 2206 46,
544 2167 574 2205 t,
610 2161 681 2206 40.
706 2161 752 2212 Τ
782 2163 835 2201 Β.
873 2161 993 2202 Chev.
1022 2166 1128 2203 Par.
1166 2169 1201 2221 t.
1233 2164 1275 2210 5.
1305 2165 1354 2216 Τ,
1394 2169 1464 2209 11.

244 2241 522 2295 Plurimae
560 2255 684 2295 sunt
717 2244 880 2319 hujus
917 2245 1128 2298 formae
1166 2259 1278 2300 tam
1313 2269 1340 2300 e
1378 2251 1521 2317 loco,
1561 2271 1724 2321 quam

104 2333 132 2365 e
170 2313 417 2369 statione.
495 2315 824 2368 Primariam
865 2317 921 2368 in
969 2319 1268 2389 peponibus
1307 2325 1593 2375 Cucmneris
1637 2345 1724 2375 sa-

101 2385 238 2435 tivae
260 2386 386 2455 legi.
476 2385 748 2458 Caespites
778 2409 922 2440 nunc
942 2389 1165 2456 minuti,
1200 2411 1344 2443 nunc
1369 2395 1541 2461 effusi,
1581 2416 1724 2448 sem-

104 2474 201 2525 per
229 2457 674 2526 praecedentibus
711 2460 872 2526 longe
913 2460 1094 2513 minus
1127 2465 1459 2533 spectabiles.
1537 2467 1722 2519 Flocci

105 2527 306 2593 lanati,
347 2529 577 2589 ramosi,
614 2529 882 2593 intricati,
919 2533 1134 2584 conidiz's
1171 2535 1393 2599 globosis
1445 2540 1720 2607 conspersi,

106 2597 329 2668 cingunt
356 2600 726 2670 sporidiorum¹
757 2622 1008 2667 acervos3
1034 2605 1301 2657 sed-flocci
1334 2608 1541 2660 demum
1564 2631 1722 2679 pror-

106 2688 193 2721 sus
232 2678 576 2739 evanescunt,
610 2673 851 2744 sporidia
889 2674 1044 2727 strati
1071 2675 1246 2728 instar
1276 2680 1575 2734 tremellini
1609 2682 1721 2734 sola

40 2745 56 2749 ’“
104 2739 493 2809 relinquentes.
560 2745 813 2815 Sporidia
857 2746 917 2798 in
960 2747 1138 2800 medio
1185 2750 1415 2819 caespite
1461 2770 1720 2805 accumu-

90 2812 240 2878 lata,
280 2812 494 2879 tenuia,
532 2817 775 2870 curvula.
843 2818 933 2871 Ad
955 2819 1129 2871 caules
1182 2833 1232 2871 et
1276 2821 1411 2872 folia
1452 2825 1722 2876 Cucume-

108 2881 184 2933 ris
219 2882 400 2936 lanam
424 2896 661 2953 tantum,
697 2888 936 2957 gonidiis
975 2890 1270 2962 adspersiS‚
1304 2892 1503 2961 absque
1541 2898 1721 2968 spori-

107 2952 209 3006 diis
248 2953 378 3013 vidi.
437 2955 636 3010 Talem
674 2971 871 3013 statum
909 2961 1066 3030 longe
1103 2961 1308 3015 diversi
1351 2983 1465 3018 esse
1507 2969 1718 3038 generis
