1887 3255
640 79 1168 181 mmspomnm
1314 86 1317 93 ’
1601 130 1704 185 251

82 264 146 321 9„
186 270 246 320 P.
294 265 677 337 Frysr'phoz'des,
716 267 889 322 thallo
920 271 1088 323 effuso
1126 270 1354 322 floccoso
1383 269 1700 325 densissime

225 337 524 390 intertexto
559 338 797 410 pallido,
850 341 1077 410 peridiis
1126 341 1521 411 emergentibus
1573 344 1700 396 sub-

224 408 464 477 globosis
481 409 714 481 pertusis
741 409 931 464 nitidis
969 431 997 463 e
1029 414 1172 466 flavo
1208 413 1358 465 fusco
1378 414 1693 485 -nigricau-

225 479 383 534 tibus.
417 484 518 533 Sol.
539 487 683 534 Saec.
700 499 752 532 n.
769 480 860 534 69.

304 563 540 616 Habitus
575 582 798 634 prorsus
822 563 903 615 Er
945 563 1143 635 siphes,
1169 579 1220 620 et
1253 567 1370 621 fere
1400 578 1700 629 structura3

85 634 176 687 sed
223 636 344 688 heic
364 633 542 706 potius
569 634 835 688 collocavi
870 653 902 687 o
975 635 1174 704 locum,
1207 650 1416 710 tempus
1455 652 1506 692 et
1535 657 1698 709 vege-

83 706 360 760 tationem.
447 704 685 757 Thallus
730 705 878 758 enim
935 706 1187 777 primitus
1239 710 1557 763 subinnatus
1602 722 1697 769 est,

82 779 320 830 maculas
354 775 561 828 albidas
597 776 658 828 in
698 776 1028 849 epidermide
1061 779 1304 833 formans
1328 820 1342 843 ,
1393 781 1520 834 dein
1567 800 1700 835 vero

84 848 331 900 distincte
363 849 638 914 floccosus,
674 847 991 900 densissime
1015 862 1328 918 contextus3
1350 852 1557 922 peridia
1585 853 1700 925 pri-

82 940 174 972 mo
201 931 355 984 tecta,
380 938 514 970 mox
548 938 681 972 vero
719 919 1067 990 emergentia.
1136 926 1202 974 In
1237 925 1464 977 cmslilms
1488 926 1701 993 plama-

82 1011 211 1056 rum,
249 1009 378 1045 vere.
418 993 495 1056 (V.
536 995 617 1059 V.)

84 1080 171 1132 10.
243 1083 304 1131 Ρ.
342 1076 658 1137 exuberans,
698 1094 1006 1145 emergenS‚
1048 1078 1279 1131 cumulis
1310 1078 1702 1132 substriaesor-

222 1147 422 1213 mibus,
470 1148 974 1209 subcoacervatum‚
1020 1149 1236 1201 demum
1262 1149 1526 1215 liberum,
1575 1152 1702 1203 sub-

223 1219 526 1289 globosum,
549 1218 788 1288 nigrum.
827 1223 882 1271 S.
907 1224 989 1271 M.
1006 1220 1121 1288 21).
1147 1221 1270 1274 432.
1289 1222 1391 1274 sub
1416 1223 1700 1295 Sphaeria.

277 1304 401 1356 Non
451 1316 660 1355 tantum
704 1302 1042 1369 vegetatione
1092 1303 1423 1376 caespititia,
1492 1307 1583 1358 sed
1651 1318 1702 1356 et

86 1389 341 1429 stromate
379 1376 612 1444 quodam
649 1372 862 1444 saepius
902 1387 1182 1445 praesente
1222 1375 1382 1446 nigro
1408 1395 1438 1427 a
1474 1376 1701 1447 reliquis

87 1446 434 1518 dignoscitur.
487 1446 604 1500 (ΗΓ.
645 1445 682 1499 l.
719 1466 764 1498 c.
805 1477 874 1485 —
918 1451 986 1498 In
1021 1446 1248 1499 caedibus
1277 1448 1532 1500 Alliornm
1565 1468 1698 1501 vere.

83 1523 162 1587 (v.
194 1520 273 1588 v.)
1659 1528 1682 1559 θ

88 1607 172 1659 ll.
238 1609 299 1657 P.
348 1603 530 1666 Galba,
562 1620 860 1672 emergens,
900 1600 1128 1652 maculis
1154 1599 1588 1654 indeterminatis
1621 1602 1702 1654 al-

224 1672 723 1726 bicanti-testaceis
754 1673 1008 1737 cinctum,
1051 1671 1337 1742 globosum
1359 1709 1374 1732 ,
1417 1672 1704 1745 subpertu-

225 1765 372 1808 sum,
412 1744 652 1815 nigrum.
735 1749 789 1798 S.
836 1747 915 1798 M.
961 1744 1094 1811 2.11.
1141 1742 1266 1795 512.

267 1816 533 1884 Maculae‚
570 1815 696 1868 licet
731 1835 845 1868 non
884 1813 1131 1867 distincte
1166 1815 1425 1868 floccosae
1466 1829 1515 1869 et
1552 1817 1705 1870 libe-

84 1906 195 1952 rae,
228 1889 507 1941 evidenter
538 1886 886 1939 mucedineae
918 1885 1121 1938 indolis
1160 1897 1299 1949 sunt,
1325 1887 1704 1943 albido-lute-

84 1969 284 2012 sec-ntes
324 1960 362 2011 l.
412 1959 806 2021 subtestaceae,
851 1958 960 2010 late
998 1956 1140 2009 circa
1180 1957 1351 2010 nodos
1393 1960 1705 2029 plantarum

83 2028 354 2103 majorum
387 2031 601 2084 effusae.
668 2027 923 2082 Ceterum
958 2027 1254 2101 pusillum,
1298 2048 1556 2101 opacum,
1602 2033 1705 2085 vix

83 2099 352 2168 liberum,
392 2102 609 2153 demum
637 2112 933 2172 pertusum.
1034 2104 1102 2152 In
1169 2099 1397 2154 caulibus
1435 2105 1702 2171 Heraclei,

87 2174 443 2243 Clzaerophylli
475 2174 669 2225 bulbosi
710 2183 804 2225 etc.
809 2211 826 2236 ,
850 2191 986 2250 perer.
1024 2172 1105 2243 (v.
1137 2174 1220 2243 v.)

82 2258 169 2309 12,
230 2264 292 2311 P.
322 2258 599 2326 polionem,
632 2256 932 2326 emergens,
959 2257 1180 2323 macula&
1203 2257 1557 2312 determinata
1585 2262 1701 2332 gri-

224 2347 315 2381 sea
347 2328 612 2395 cinctum,
658 2329 918 2398 globoso·
938 2327 1261 2398 oblongum,
1299 2331 1699 2401 subpertusum,

223 2399 458 2470 nigrum.
557 2406 612 2455 S.
652 2402 735 2453 M.
779 2400 830 2452 2.
873 2418 933 2468 p.
985 2398 1110 2454 512.
1215 2402 1487 2470 Sommeoff.
1526 2409 1699 2473 Lam),

217 2491 273 2539 p.
308 2471 431 2523 220.
467 2469 752 2542 Sphaeria.
1276 2501 1282 2507 ·

292 2541 594 2612 Sphaeriae
626 2560 886 2614 perquam
923 2542 1079 2594 affine
1092 2580 1108 2606 ,
1150 2542 1244 2595 sed
1287 2545 1354 2597 ob
1404 2547 1701 2617 vegetatio-

81 2631 208 2665 nem
244 2625 295 2664 et
332 2613 580 2665 habitum
627 2633 659 2664 a
696 2613 886 2667 ceteris
916 2612 1160 2685 separari
1197 2633 1308 2667 non
1339 2628 1528 2688 potest.
1580 2618 1700 2669 Ma·-

82 2685 234 2736 culae
283 2697 408 2736 sunt
458 2684 618 2737 thalli
662 2685 891 2754 species,
951 2685 1261 2755 elongatae,
1315 2688 1701 2758 superficiales»,

82 2754 286 2827 passim
322 2756 506 2827 spurie
542 2756 857 2812 fibrillosae.
932 2759 1002 2809 In
1036 2758 1264 2824 caulibus
1294 2759 1578 2822 herbarum,
1617 2780 1701 2812 ve-

80 2847 153 2897 ge.
188 2827 260 2896 (v.
303 2833 384 2899 V.)

81 2912 172 2966 13.
222 2919 285 2967 P.
324 2914 611 2979 maculare,
640 2932 940 2981 emergens,
962 2912 1553 2976 liberato-deciduum,
1581 2917 1702 2985 glo-

190 3032 193 3033 γ
221 2983 430 3047 bosum,
458 2983 764 3052 minimum,
795 2983 1048 3049 liberum,
1086 2996 1346 3038 stromate
1384 2986 1701 3042 tenuissime

1261 3054 1389 3109 R2
