1887 3255
595 157 966 218 DACRlNA.
1429 213 1431 215 .
1593 165 1699 220 291

82 298 135 352 l.
228 293 556 352 SCORIAS
608 299 898 367 spongiosa.

144 398 372 450 Botrytis'?
427 399 660 449 spongiosa.
732 398 967 438 Schwein..²
1020 401 1119 447 Car,
1156 409 1203 443 n.
1252 397 1382 442 1311.
1441 396 1701 442 Podisoma?

205 458 424 508 epiphega.
470 458 716 500 Schweim!
747 457 793 495 in
825 457 908 494 litt.

232 542 454 610 Fungus
495 539 781 591 admodum
825 537 1070 603 grandis,
1123 536 1397 587 interdum
1438 536 1570 589 duos
1606 559 1698 605 pe-

90 613 181 664 des
218 615 353 665 latus
393 625 441 662 et
480 612 701 679 longus,
736 609 1023 660 admodum
1065 607 1274 673 rigidus
1313 620 1361 658 et
1396 608 1700 677 persistens,

90 704 314 751 opacus,
356 684 537 750 niger3
590 680 870 752 superficie
908 680 1195 730 admodum
1228 679 1617 746 inaequabiliS‚
1675 702 1703 733 e

89 756 243 807 fibris
283 754 452 821 magis
486 752 823 804 condensatis
863 750 1090 803 solidior
1130 758 1311 818 (quam
1368 749 1508 802 basis
1543 751 1700 819 fungi

91 826 234 878 inter
267 819 427 879 fibras
464 824 623 875 rudes
663 823 893 891 gelatina
929 822 1188 873 exsiccata
1239 822 1489 874 discretas
1531 836 1581 873 et
1614 843 1699 875 ce-

90 897 286 949 rineo-
321 897 493 965 grisea
548 894 804 952 materia,
862 894 1084 944 humida
1139 891 1464 956 gelafinosa,
1533 894 1704 946 obdu-

91 981 199 1020 ctas
246 972 590 1034 cavernosa),
654 965 864 1017 fibrinis
923 964 1201 1035 parallelis
1256 965 1703 1033 pellucidioribus

89 1039 147 1090 in
196 1040 425 1104 granula
478 1050 747 1090 racemata
805 1037 1122 1088 abeuntibus
1184 1035 1412 1086 obsessa.
1509 1035 1702 1106 Fungo

92 1111 360 1163 exsiccato
403 1111 706 1161 humectato
753 1109 914 1160 etiam
954 1108 1206 1159 secedunt
1245 1104 1456 1158 conidia
1495 1107 1704 1161 minuta

91 1183 329 1249 globosa.
401 1185 464 1233 Iu
499 1182 743 1235 America
776 1181 970 1231 boreali
990 1181 1232 1246 frequens
1267 1179 1320 1228 in
1358 1178 1531 1244 ramis,
1558 1191 1706 1229 trun-

91 1247 190 1319 cis,
221 1252 480 1305 radicibus
520 1265 568 1304 et
605 1255 659 1304 in
695 1252 808 1320 ipsa
846 1264 986 1304 terra
1020 1270 1184 1321 prope
1220 1256 1392 1320 Pagos
1434 1269 1528 1302 nec
1576 1251 1706 1302 alibi

89 1343 232 1392 vere,
266 1327 477 1394 copiose.
519 1333 594 1393 (v.
626 1327 710 1392 S.)'.

510 1643 630 1693 VII.
701 1636 1065 1692 DAGR1NA.
1126 1635 1298 1692 FrieS.

153 1757 267 1810 Sysi.
304 1757 409 1806 Ονό,
450 1763 562 1811 Veg,
598 1763 636 1809 1,
662 1773 709 1812 p.
746 1759 845 1804 172.
871 1783 931 1792 —
971 1761 1036 1803 Ic.
1067 1756 1233 1812 ancalfi,
1262 1756 1377 1805 τἠεᾶ,

238 1837 466 1894 CHAR.
545 1840 961 1911 Receptaculum
998 1838 1386 1910 caespititium‚
1432 1839 1493 1892 in
1525 1860 1711 1895 ramu-

93 1910 176 1962 los
213 1912 524 1963 articulato·
547 1912 862 1964 constrictos
911 1912 1203 1982 proliseros
1234 1911 1464 1980 rigidos,
1516 1913 1708 1967 hume-

96 1994 262 2033 ctatos
297 1983 624 2051 gelatinosos
660 1983 861 2035 abiens.
939 1981 1236 2035 Contextus
1275 1984 1545 2043 floccosus,
1581 2006 1710 2038 con-

92 2053 406 2122 glutinatus}
475 2055 724 2126 Sporidia
759 2055 1003 2123 globosa,
1041 2053 1336 2125 simplicia,
1376 2057 1714 2126 superficiem

95 2124 343 2194 glabram
381 2125 757 2186 investienda,
794 2125 1112 2178 secedentia.

240 2209 391 2261 obs.
458 2209 686 2262 Habitus
725 2229 945 2280 prorsus
987 2210 1369 2262 Dematiorum
1412 2213 1501 2278 (ad
1543 2234 1713 2283 genus

94 2279 413 2333 Dematium
451 2302 658 2351 quoque
694 2283 926 2333 relatum
961 2294 1037 2333 est
1066 2283 1131 2333 ab
1167 2284 1286 2337 Alb.
1327 2294 1374 2334 et
1413 2287 1707 2355 Schwein.)‚

96 2367 149 2404 at
201 2367 500 2419 structura,
566 2354 734 2405 immo
792 2353 1087 2423 vegetatio,
1151 2354 1266 2406 sere
1323 2359 1707 2424 praecedentis.

94 2425 345 2476 Ceterum
383 2426 540 2478 valde
577 2426 831 2476 abnorme
871 2438 963 2478 est.
1030 2424 1447 2495 Receptaculum
1496 2448 1708 2484 sursum

95 2494 453 2563 incrassatur,
487 2517 557 2549 ex
592 2496 738 2567 apice
772 2496 996 2566 repetito
1047 2512 1097 2547 et
1133 2499 1199 2548 ob
1236 2498 1563 2552 accretiones
1592 2503 1707 2555 basi

97 2566 408 2619 constrictas
453 2569 783 2620 articulato·
810 2569 1160 2637 proliferum3
1215 2570 1416 2621 ramuli
1465 2571 1708 2644 juniores

98 2638 366 2706 guttulam
420 2640 659 2691 roridam
709 2639 919 2693 sistunt.
994 2641 1085 2692 Ad
1140 2643 1459 2710 Dacrffllium
1520 2643 1710 2708 Link.,

98 2728 206 2759 non
239 2707 477 2775 Brown,
516 2711 723 2763 referre
754 2710 988 2777 tentavi,
1026 2711 1143 2762 atsi
1186 2712 1344 2781 hujus
1370 2732 1711 2787 synonymon

100 2779 169 2831 sit
216 2782 589 2848 Ilffyrolhecium
635 2783 933 2833 inundatum
992 2781 1162 2842 Tod.,
1221 2785 1375 2852 longe
1446 2803 1475 2835 a
1524 2801 1709 2839 nostro

99 2851 268 2916 fungo
307 2851 582 2905 diversum
630 2866 722 2906 est.
802 2852 990 2904 Prima
1036 2853 1238 2923 species
1280 2875 1337 2905 re
1370 2854 1486 2926 ipsa
1527 2859 1709 2910 Colle-

98 2923 261 2988 mati,
291 2942 341 2978 v.
382 2943 426 2976 c.
468 2931 518 2977 G.
575 2931 948 2992 conglomerato
972 2924 1161 2976 Hoffm
1217 2925 1397 2977 affinis
1429 2939 1521 2978 est.
1582 2935 1708 2981 Sco-

94 2993 208 3045 riae
236 3002 287 3044 et
341 2997 542 3048 Ceratio
575 2996 966 3069 propinquum,
1002 2997 1095 3049 sed
1140 3010 1376 3050 ceterum
1417 2999 1708 3053 admodum
